3416 5313
1856 424 1986 491 142

1870 1055 1985 1123 89.

797 1252 861 1321 A
889 1253 1126 1322 trio-dezi
1176 1252 1443 1320 konvent
1493 1253 2019 1341 bizo‘nysdylcvele
2038 1304 2056 1338 ‚
2110 1255 2270 1341 hoyy
2300 1254 2528 1338 Jdnos,
2574 1250 3038 1337 Namoszldfia

790 1387 822 1428 s
849 1365 1154 1430 Lodomcr
1184 1366 1246 1428 62
1282 1363 1448 1428 Koch
1466 1417 1486 1451 ‚
1535 1364 1795 1428 Mdrton
1810 1364 1961 1448 fiai,
1995 1363 2285 1448 bizonyos
2326 1350 2486 1429 retra
2515 1374 2700 1428 vonat
2710 1363 2865 1427 kozd
2878 1383 3027 1447 pcr-

1416 1471 1525 1534 ben
1557 1473 1904 1557 cqyesseqre
1953 1471 2173 1555 leptdk.
2208 1472 2404 1535 1295.

1005 1654 1144 1737 Nos
1175 1672 1234 1739 J.
1269 1669 1702 1737 miseracione
1723 1669 1968 1737 Diuina
1998 1671 2381 1754 Propositus
2414 1674 2480 1735 et
2509 1668 2882 1736 Conuentus
2903 1670 3026 1735 Ec-

796 1780 995 1847 clesie
1024 1778 1230 1846 Beate
1262 1777 1551 1860 Virginis
1589 1777 1671 1845 de
1721 1776 1981 1846 Turuch
2013 1776 2278 1848 Ordinis
2331 1777 3028 1846 Premonstratensium

794 1872 1114 1954 memorie'
1152 1885 1696 1972 commendamus,
1730 1885 1965 1968 quibus
2004 1885 2268 1971 expedit
2298 1904 2414 1972 per
2446 1893 2786 1970 presentes
2806 1935 2822 1961 ,
2856 1885 3032 1967 quod

794 1995 1134 2063 Johannes
1169 1993 1341 2061 filius
1373 1992 1730 2062 Namozlou
1772 1994 1859 2063 ab
1893 2014 2023 2061 una
2055 2001 2269 2080 parte,
2302 1994 2734 2061 Lodomerius
2768 2002 2835 2059 et
2865 1993 3035 2061 Goth

794 2103 908 2170 filii
938 2103 1204 2169 Martini
1253 2103 1340 2168 ab
1372 2101 1587 2170 altera
1635 2102 1702 2168 in
1735 2109 1962 2170 nostra
2011 2100 2451 2187 personaliter
2503 2102 2836 2170 constituti
2884 2120 3031 2185 pre-

797 2212 1022 2280 sencia
1053 2213 1411 2278 retulerunt
1443 2211 1512 2277 in
1546 2230 1768 2297 causa,
1802 2230 1927 2293 que
1959 2210 2130 2276 inter
2179 2210 2362 2295 ipsos
2411 2211 2676 2278 racione
2723 2208 2895 2295 prati
2928 2229 3033 2276 cu-

791 2319 1076 2408 jusdam,
1102 2320 1211 2403 qui
1232 2320 1417 2386 iuxta
1437 2317 1699 2386 fluuium
1722 2321 2143 2405 Sernouuyce
2173 2337 2375 2404 supra
2393 2320 2616 2386 iacere
2653 2318 3037 2409 dinoscitur,
3145 2360 3148 2365 »

803 2428 1204 2510 uertebatur,
1228 2425 1495 2494 arbitrio
1529 2432 1595 2492 et
1625 2427 2040 2495 ordinacione
2065 2428 2412 2512 proborum
2433 2428 2718 2494 virorum
2739 2462 2827 2474 —-
2846 2463 2935 2474 -
2951 2459 3042 2470 -

804 2537 1070 2605 oraliter
1103 2536 1573 2620 concordasse;
1607 2536 1781 2618 quod
1812 2536 2013 2622 ijdem
2045 2537 2474 2605 Lodomerius
2507 2544 2571 2603 et
2601 2537 2781 2604 Koth
2814 2556 3043 2622 supra-

798 2647 958 2715 dicti
987 2646 1197 2731 ipsum
1230 2651 1493 2731 pratum
1524 2645 1655 2712 iam
1694 2645 1933 2713 dictum
1955 2698 1973 2731 ,
2024 2646 2202 2730 quod
2255 2647 2323 2713 in
2360 2648 2549 2715 metis
2584 2646 2879 2714 eiusdem
2924 2646 2963 2712 J
2971 2666 3037 2711 o·

692 2834 700 2839 ⁸
798 2755 1037 2823 hannis
1069 2755 1422 2822 dinoscitur
1442 2755 1766 2837 extitisse,
1788 2765 1983 2839 prout
2015 2753 2227 2822 eciam
2261 2759 2324 2820 in
2358 2754 2704 2838 priuilegio
2740 2753 3037 2837 ejusdem

797 2864 1083 2932 vidimus
1117 2865 1458 2949 contineri,
1490 2864 1889 2948 reliquerunt
1940 2872 2006 2932 et
2035 2863 2473 2947 permiserunt
2502 2861 2718 2932 eidem
2749 2860 3040 2931 Johanni

799 2979 864 3037 et
893 2974 1032 3042 suis
1063 2973 1411 3039 heredibus
1443 2972 1881 3055 heredumque
1915 2972 2403 3039 successoribus
2436 2973 2579 3038 iure
2613 2978 2931 3058 perpetuo
2973 2976 3039 3033 et

801 3081 1337 3148 inrevocabiliter
1368 3081 1858 3165 possidendum.
1912 3079 2050 3146 Nos
2081 3080 2283 3162 igitur
2320 3078 2411 3144 ad
2462 3081 2862 3164 peticionem
2893 3098 3037 3164 par·

802 3191 970 3255 cium
1005 3190 1262 3255 litteras
1296 3193 1555 3254 nostras
1597 3188 2037 3254 concessimus
2071 3187 2272 3271 sigilli
2306 3187 2514 3254 nostri
2548 3187 2903 3254 munimine
2937 3208 3034 3253 ro·

800 3307 1092 3372 boratas.
1122 3303 1362 3367 Datum
1408 3318 1580 3365 anno
1614 3298 1699 3365 ab
1733 3297 2210 3366 Incarnacione
2243 3295 2509 3363 Domini
2538 3297 2639 3364 M⁰
2672 3298 2810 3365 00⁰
2843 3317 3040 3364 nona-

801 3412 1054 3496 gesimo
1087 3413 1329 3495 quinto.

1088 3606 1384 3675 (Eredctic
1411 3603 1895 3677 Kormiiczbanya
1922 3623 2001 3660 sz.
2026 3605 2082 3659 k.
2111 3602 2281 3661 varos
2310 3600 2754 3668 levcltaraban.)
