3416 5313
1830 427 1957 500 164

775 631 1071 700 duximus
1125 629 1652 718 prorogandam,
1710 637 1883 697 statu
1940 637 2002 693 et
2061 629 2264 695 forma
2318 628 2600 715 priorum
2653 626 3019 692 litterarum

775 747 1214 827 permanente.
1250 741 1487 806 Datum
1526 746 1756 821 quarto
1791 739 1897 804 die
1930 738 2187 805 termini
2223 737 2573 822 prenotati.

918 904 1142 969 Jeyyzet.
1168 899 1536 970 Boi-hartyan
1563 899 1686 955 kclt
1712 898 1838 955 zart
1862 896 2030 963 level,
2059 898 2325 967 melynek
2353 894 2558 953 hatara
2585 898 2884 951 szintazon
2911 892 3022 947 kez

778 995 870 1046 ezt
889 987 1031 1047 irta:
1055 990 1495 1061 „Prorogatoria
1517 989 1825 1045 solucionis
1848 1007 1945 1043 sex
1967 1006 2301 1055 marcarum,
2322 1005 2425 1058 pro
2440 986 2720 1041 Michaele
2742 989 2812 1041 de
2832 985 3023 1058 Eguk,

776 1088 977 1137 contra
1002 1082 1334 1138 Ladislaum
1368 1080 1545 1136 filium
1572 1080 1855 1137 Johannis
1883 1078 1982 1133 filii
2011 1077 2335 1133 Chubanka
2358 1077 2431 1134 ad
2459 1077 2782 1149 quindenas
2809 1077 3020 1131 exerci-

775 1170 920 1228 tus.“
949 1172 1145 1227 Kerek
1172 1170 1525 1243 peese'tenek
1571 1169 1990 1241 maradvzinyai
2019 1169 2304 1237 mutatjak
2331 1211 2344 1237 ‚
2389 1168 2544 1240 hogy
2571 1186 2601 1221 e
2627 1165 2778 1223 level
2805 1185 2873 1221 az
2901 1166 3024 1238 egri

777 1260 1181 1333 kaptalanban
1207 1260 1348 1315 kelt.
1388 1258 1577 1315 Abadi
1621 1259 1955 1314 Domonkos
1986 1258 2194 1314 tarnok
2240 1278 2274 1313 a
2303 1258 2529 1329 Tamay
2566 1256 3023 1328 nemzetsegbo'l,

778 1349 839 1406 es
862 1350 1090 1406 Marton
1118 1349 1526 1423 alorszagbiro,
1569 1353 1710 1406 mint
1737 1348 1860 1405 mas
1888 1349 2300 1407 oklevelekb6l
2325 1349 2552 1419 tudjuk,
2583 1348 2839 1419 mintegy
2867 1348 3026 1401 1296.

778 1440 954 1497 eltek.
975 1441 1153 1498 Innen
1176 1460 1241 1496 ez
1263 1441 1493 1498 oklevel
1521 1442 1663 1497 kora
1684 1442 1734 1496 is
1758 1440 2289 1511 moghatarozhato.
2310 1437 2561 1495 Masolta
2580 1437 2806 1496 Horvat
2829 1434 3024 1493 Istvan

781 1550 817 1587 a
843 1528 1190 1587 szandavari
1216 1530 1410 1587 Sreter
1435 1529 1835 1588 leveltarabol.
1864 1520 2027 1600 Erdy.

1643 1828 1694 1835 ⁹-

1835 2389 1986 2457 1⁰⁷.

785 2609 1149 2697 Hdzassdyi
1199 2608 1494 2696 ely‘eyyze's
1546 2608 1821 2673 Beatrioe
1841 2659 1861 2695 ‚
1911 2606 2172 2675 Marcell
2204 2606 2451 2695 Ka'roly
2501 2610 2709 2673 czimz.
2762 2629 3030 2696 mayyar

979 2716 1195 2804 kirdly
1228 2716 1474 2803 chnya,
1510 2718 1572 2781 εἰς
1600 2717 1805 2782 Jdnos
1834 2717 2078 2782 viennei
2108 2716 2394 2802 dauphin
2424 2716 2582 2780 kozt.
2632 2717 2828 2781 1296.

999 2937 1075 3002 In
1122 2934 1383 3004 nomine
1442 2934 1703 3001 Domini
1757 2934 1980 3000 Amen.
2053 2936 2240 3001 Anno
2292 2935 2680 3001 Natiuitatis
2732 2934 3030 3003 eiusdem

785 3043 1131 3114 millesimo
1181 3042 1630 3111 ducentesimo
1684 3044 2110 3129 nonagesimo
2160 3050 2389 3131 sext0,
2442 3044 2868 3112 Pontificatus
2920 3042 3032 3109 do·

785 3153 942 3222 mini
989 3152 1314 3220 Bonifacii
1364 3154 1546 3240 Pape
1599 3156 1816 3220 octavi
1870 3172 2045 3219 anno
2094 3153 2384 3220 secundo
2437 3174 2660 3222 mense
2712 3153 2869 3219 Maii
2921 3153 3030 3219 die

785 3261 990 3331 XXV.
1025 3262 1318 3330 eiusdem
1356 3263 1473 3330 IX.
1510 3262 1919 3331 Indiccionis.
1960 3261 2291 3330 Presentis
2325 3261 2739 3331 instrumenti
2779 3262 3031 3347 publici

785 3373 955 3440 serie
984 3375 1208 3438 notum
1240 3370 1326 3435 sit
1358 3371 1677 3451 omnibuS,
1716 3370 1890 3453 quod
1921 3371 1989 3436 in
2022 3371 2364 3455 presencia
2404 3373 2553 3455 mei,
2587 3372 2762 3438 Petri
2794 3372 3030 3439 Grassi

787 3481 869 3549 de
897 3480 1217 3563 Neapoli,
1269 3480 1453 3562 Regii
1489 3485 1555 3546 et
1603 3478 1850 3564 publici
1883 3481 2265 3565 Apostoliea
2316 3482 2714 3549 authoritate
2744 3482 3030 3566 Notarii,

786 3609 909 3657 nec
939 3608 1072 3657 non
1123 3586 1492 3655 Reverendi
1542 3587 1758 3671 patris
1810 3586 2054 3653 domini
2087 3587 2369 3671 Philippi
2403 3588 2527 3656 Dei
2577 3591 2808 3676 gracia
2856 3590 3031 3657 Nea·

786 3697 1066 3782 politani
1097 3695 1596 3781 Archiepiscopi
1616 3746 1632 3778 ,
1684 3695 2085 3763 venerabilis
2118 3697 2242 3764 viri
2274 3698 2520 3766 domini
2552 3697 2727 3764 Petri
2760 3698 2842 3766 de
2875 3698 3030 3766 Fer·

787 3806 994 3891 reriis,
1027 3805 1280 3874 Decani
1312 3805 1704 3891 Aniciensis,
1741 3805 1954 3890 Regni
1984 3804 2208 3873 Sicilie
2246 3805 2662 3891 cancellarii,
2684 3808 3033 3892 Regiorum

791 3915 1331 3984 consiliariorum
1364 3920 1429 3982 et
1459 3915 1910 3997 familiarium,
1964 3914 2207 3990 domini
2239 3915 2465 3981 Manui
2496 3918 2867 4003 presbyteri
2916 3919 3035 3987 Ca-

791 4023 1010 4092 nonici
1040 4023 1498 4109 Neapolitani,
1533 4025 1806 4091 Leoneti
1843 4023 1925 4091 de
1959 4024 2308 4108 Campesio
2349 4032 2415 4090 et
2446 4026 2765 4093 Johannis
2800 4025 3034 4095 Cham-

789 4131 980 4200 bonis
1013 4131 1095 4200 de
1127 4134 1304 4202 Mala
1335 4131 1526 4200 Valle
1558 4134 1644 4201 ad
1676 4132 1804 4199 hoc
1854 4134 2232 4218 specialiter
2263 4142 2641 4204 vocatorum
2676 4142 2742 4201 et
2774 4142 3030 4223 rogato-

794 4257 934 4306 rum
963 4242 1247 4308 testium.
1283 4241 1458 4307 Inter
1478 4242 2126 4310 Excellentissimum
2148 4243 2517 4330 Principem
2550 4243 2881 4311 dominum
2900 4244 3034 4313 Ka—

788 4349 994 4416 rolum
1047 4349 1401 4418 secundum
1433 4352 1560 4418 Dei
1593 4353 1822 4437 gracia
1872 4352 2288 4421 Hierusalem
2323 4360 2391 4417 et
2439 4353 2661 4422 Sicilie
2702 4351 3037 4441 (Regem),

795 4457 1090 4528 Dueatus
1121 4461 1355 4547 Apulie
1388 4469 1453 4527 et
1485 4461 1901 4546 Principatus
1937 4463 2160 4547 Gapue
2180 4514 2198 4547 ,
2248 4463 2588 4531 Provineie
2620 4471 2686 4530 et
2720 4464 3033 4549 Forqual-

795 4567 1003 4646 querit
1038 4565 1353 4632 Comitem
1378 4618 1395 4651 ,
1448 4587 1565 4651 pro
1600 4564 1873 4634 domina
1905 4568 2214 4638 Beatrice
2260 4571 2511 4638 minore
2550 4571 2891 4657 septennio
2925 4594 3032 4640 ne·

794 4678 899 4756 pte
935 4693 1057 4744 sua
1081 4676 1520 4763 primogenita
1543 4726 1561 4760 ,
1614 4680 1784 4745 bone
1820 4679 2126 4745 memorie
2179 4679 2393 4747 Incliti
2434 4682 2758 4767 Principis
2792 4683 3038 4750 domini

799 4783 1030 4854 Karoli
1061 4784 1480 4871 primogeniti
1530 4786 1671 4851 eius
1696 4836 1713 4869 ,
1764 4785 2101 4872 Hungarie
2133 4789 2333 4876 Regis
2365 4790 2645 4858 Illustris
2666 4841 2684 4877 ,
2736 4810 2818 4859 ex
2850 4802 3037 4878 parte
