3416 5313
1850 374 1934 437 24

1831 1032 1936 1097 15.

772 1233 898 1297 111.
929 1230 1139 1296 Endre
1161 1228 1374 1313 kira‘ly
1396 1226 1724 1314 Gyarman
1740 1227 1952 1314 9r6fot
1977 1227 2214 1318 Chechy
2247 1234 2409 1294 nevil
2429 1232 2746 1301 birtokkal
2764 1240 3013 1326 Zchra'b

1266 1335 1591 1423 meqye‘ben
1622 1337 2089 1423 adomdnyozza
2126 1361 2277 1425 meq.
2313 1343 2509 1407 1291,

963 1525 1310 1602 'Andreas
1369 1536 1496 1600 Dei
1559 1535 1788 1620 gracia
1837 1535 2173 1618 Hungarie
2194 1589 2211 1620 ‚
2277 1540 2615 1608 Dalmacie
2639 1594 2655 1625 ‚
2708 1547 3014 1628 Croacie‚

767 1649 972 1713 Rame
998 1696 1017 1728 ,
1052 1646 1277 1713 Seruie
1299 1694 1314 1723 ,
1353 1644 1632 1712 Gallicie
1657 1693 1673 1724 ‚
1705 1642 2090 1710 Lodomerie
2112 1695 2130 1728 ,
2166 1644 2480 1713 Cumanie
2502 1702 2521 1735 ‚
2571 1653 3013 1739 Bulgarieque

769 1760 907 1824 Rex
939 1755 1238 1821 omnibus
1272 1752 1519 1821 Christi
1567 1750 1870 1819 fidelibus
1922 1761 2266 1836 presentes
2316 1757 2572 1825 litteras
2619 1759 3014 1848 inspecturis

769 1862 1085 1934 salutem
1067 1884 1137 1928 m
1170 1861 1452 1928 omnium
1487 1860 1840 1927 saluatore.
1874 1861 2060 1931 Licet
2092 1864 2304 1949 Regia
2336 1867 2551 1952 pietas
2583 1889 2842 1938 manum
2877 1892 3014 1937 mu-

770 1972 1031 2040 nificam
1062 1970 1304 2038 debeat
1334 1970 1674 2056 porrigere
1708 1970 2075 2084 vniuersis;
2125 1973 2280 2039 illos
2309 1980 2558 2061 tamen,
2593 2000 2865 2062 quorum
2901 2001 3010 2046 ex

770 2090 956 2171 perta
990 2081 1285 2165 probitas
1320 2078 1593 2145 laudata
1629 2086 1732 2146 est
1763 2078 1828 2144 in
1859 2054 2204 2165 prosperis
2238 2089 2304 2148 et
2337 2086 2663 2169 aduersis,
2698 2091 3014 2175 prosequi

768 2192 968 2259 debet
1002 2187 1454 2254 munificencia
1487 2186 1799 2272 largiori,
1849 2193 1920 2252 ut
1953 2190 2069 2275 alij
2124 2210 2344 2257 eorum
2379 2197 2700 2283 exemplis
2750 2196 3015 2263 inuitati

769 2302 857 2368 ad
884 2300 1222 2367 fidelitatis
1256 2318 1461 2385 opera
1512 2297 1773 2366 facilius
1805 2300 2270 2368 accendantur.
2320 2302 2599 2372 Proinde
2633 2306 2722 2372 ad
2756 2309 3010 2371 vniuer-

770 2432 991 2479 sorum
1024 2408 1335 2476 noticiam
1370 2414 1502 2472 tam
1556 2408 1972 2493 presencium
2004 2429 2202 2491 quam
2242 2410 2609 2478 futurorum
2656 2412 2885 2478 harum
2917 2430 3017 2477 se-

775 2519 871 2585 rie
903 2518 1198 2584 uolumus
1232 2515 1578 2602 peruenire
1599 2565 1618 2598 ‚
1673 2518 1849 2597 quod
1883 2517 2038 2600 quia
2071 2516 2306 2586 Comes
2342 2520 2756 2607 Gyarmanus
2797 2519 3014 2586 fidelis

768 2632 999 2695 noster
1031 2644 1073 2691 a
1104 2624 1324 2690 multis
1357 2624 1485 2691 iam
1535 2624 1940 2710 temporibus
1972 2627 2321 2694 retroactis
2371 2628 2440 2693 in
2475 2629 2774 2694 omnibus
2823 2650 3014 2714 nego-

772 2735 901 2821 cijs
933 2735 1178 2801 nostris
1210 2732 1609 2819 peragendis
1642 2733 2041 2815 obsequiosa
2090 2736 2325 2800 merita
2357 2745 2423 2801 et
2465 2739 2798 2803 meritoria
2831 2739 3016 2805 obse-

774 2847 927 2928 quia
957 2843 1148 2909 nobis
1180 2841 1607 2907 laudabiliter
1638 2841 1952 2925 impendit
1984 2848 2053 2908 et
2082 2843 2339 2926 deuote,
2375 2848 2652 2929 primum
2690 2847 3015 2929 siquidem

770 2974 847 3020 eo
880 2960 1172 3036 tempore
1195 2999 1213 3033 ,
1268 2949 1538 3032 quando
1570 2968 1694 3014 nos
1728 2949 1943 3015 adhue
1992 2956 2182 3015 extra
2214 2953 2530 3019 terminos
2563 2954 2773 3038 Regni
2806 2959 3012 3021 nostri

769 3063 1028 3142 fuimus,
1080 3061 1292 3125 dietus
1349 3059 1584 3126 Comes
1617 3057 2039 3144 Gyarmanus
2090 3060 2296 3126 semel
2331 3071 2396 3128 et
2446 3064 2733 3129 secundo
2784 3065 3016 3130 exmis-

772 3173 977 3255 sione,
1011 3171 1324 3236 mandato
1346 3219 1362 3250 ‚
1414 3178 1478 3234 et
1512 3176 1826 3253 precepto
1859 3171 2267 3239 Prelatorum
2287 3223 2306 3256 ‚
2359 3173 2686 3237 Baronum
2722 3181 2784 3238 et
2817 3176 3013 3240 nobi·

776 3279 931 3345 lium
967 3278 1180 3362 Regni
1228 3276 1567 3362 Hungarie
1617 3277 1685 3341 in
1735 3278 2189 3361 legacionibus
2241 3280 2445 3364 varijs
2486 3287 2551 3343 et
2602 3280 2878 3347 diuersis
2933 3302 3014 3347 ex

771 3393 959 3471 parte
994 3386 1346 3454 eorundem
1381 3385 1572 3451 nobis
1602 3384 1978 3450 deferendis
1999 3434 2016 3467 ,
2051 3386 2280 3451 multis
2309 3385 2564 3453 fortune
2607 3388 2871 3454 casibus
2901 3409 3006 3473 pe·

771 3498 985 3562 ricula
1013 3493 1242 3560 mortis
1274 3512 1407 3559 non
1457 3492 1823 3558 formidans
1858 3511 1932 3558 se
1964 3493 2268 3559 submisit
2299 3501 2365 3559 et
2415 3495 2785 3560 laudabiles
2836 3497 3014 3563 exhi·

773 3606 915 3671 buit
945 3604 1323 3671 famulatus.
1380 3600 1566 3667 Idem
1600 3604 1809 3667 eciam
1839 3609 2134 3687 tempore
2165 3604 2460 3670 Ducatus
2508 3607 2717 3671 nostri
2745 3604 3013 3674 domino

776 3713 1119 3780 Albertino
1171 3711 1360 3777 fratri
1409 3716 1635 3778 nostro
1684 3709 2057 3792 karissime,
2107 3719 2242 3777 tam
2273 3713 2340 3778 in
2381 3713 2708 3779 ueniendo
2755 3715 2842 3780 ad
2874 3735 3016 3796 nos,

778 3842 974 3906 quam
1005 3821 1216 3888 eciam
1255 3823 1320 3886 in
1354 3819 1777 3888 conducendo
1824 3822 2104 3888 eundem
2136 3821 2225 3888 ad
2255 3822 2535 3908 patriam
2569 3845 2755 3891 suam
2777 3875 2795 3908 ,
2829 3825 2912 3889 ob
2947 3825 3016 3892 fi-

777 3931 1112 3997 delitatem
1143 3930 1336 3996 nobis
1370 3929 1661 3997 debitam
1712 3929 1987 3997 seruicia
2017 3930 2339 4016 impendit
2371 3939 2566 4016 grata
2619 3940 2685 3997 et
2715 3940 3012 4019 accepta,

778 4047 844 4105 et
878 4040 1051 4106 circa
1083 4045 1303 4105 nostre
1338 4040 1792 4107 coronacionis
1823 4040 2023 4105 inicia
2054 4039 2162 4104 die
2195 4046 2523 4123 noctuque
2556 4042 2798 4108 nostris
2829 4043 3010 4108 inhe-

779 4169 935 4217 rens
966 4147 1271 4233 seruieijs
1305 4147 1748 4236 multiplieiter
1778 4147 2011 4216 meruit
2044 4149 2478 4233 complacere.
2511 4150 2594 4214 Et
2618 4169 3014 4232 quamquam

779 4257 991 4344 ipsius
1025 4256 1361 4323 meritoria
1410 4256 1730 4341 obsequia
1762 4257 1992 4323 maiori
2030 4256 2584 4322 remuneracionis
2635 4259 2882 4340 premio
2916 4277 3014 4325 es·

775 4372 924 4432 sent
954 4365 1195 4450 digna,
1253 4366 1321 4432 in
1360 4367 2040 4452 recompensacionem
2077 4372 2295 4431 tamen
2349 4367 2700 4450 aliqualem
2752 4385 3008 4430 suorum

777 4474 1196 4540 seruiciornm
1228 4476 1558 4557 quandam
1607 4482 1850 4542 terram
1883 4484 2174 4540 nostram
2208 4473 2439 4559 Chehy
2489 4479 2790 4539 vocatam
2823 4474 3008 4540 iuxta

778 4601 1014 4666 aquam
1046 4581 1229 4646 Zaua
1261 4584 1331 4648 in
1363 4584 1613 4669 campis
1663 4584 1734 4649 in
1767 4583 2086 4649 Comitatu
2120 4581 2550 4666 Zagrabiensi
2593 4581 3000 4659 existentem,

782 4711 977 4777 super
1029 4711 1157 4775 qua
1205 4691 1499 4778 hospites
1553 4692 1851 4761 eiusdem
1903 4690 2100 4756 castri
2142 4690 2349 4757 nostri
2399 4688 2807 4770 residebant,
2855 4708 2998 4754 cum
