3416 5313
1840 385 1931 456 44

767 585 976 651 dimus
1010 586 1209 652 etiam
1242 587 1393 652 novi
1427 591 1490 653 et
1519 586 1759 655 veteris
1790 587 2189 667 testamenti,
2223 584 2391 670 legis
2423 605 2501 653 ac
2534 583 3005 670 Prophetarum

768 700 834 759 et
866 694 1332 779 Apostolorum
1349 715 1548 761 unum
1580 715 1731 762 esse
1757 701 2114 779 auctorem,
2147 696 2360 761 Deum
2391 714 2473 761 ac
2494 691 2840 758 Dominum
2871 711 3006 758 om-

762 800 1182 889 nipotentem.
1236 803 1378 870 Hec
1410 809 1512 870 est
1540 824 1702 870 vera
1734 800 1896 871 fides
1950 802 2314 886 Catholica,
2351 822 2429 867 ac
2468 801 2640 866 hanc
2674 817 2871 883 super
2902 798 3001 867 di-

762 908 881 975 ctis
912 910 1205 976 articulis
1256 916 1434 977 tenet
1467 917 1535 977 et
1584 911 1888 997 predicat
1939 914 2380 979 sacrosancta
2431 911 2730 975 Romana
2782 905 3010 974 Eccle-

759 1017 909 1083 sia:
963 1019 1083 1085 sed
1114 1025 1180 1086 et
1211 1024 1479 1106 propter
1530 1019 1839 1086 diversos
1894 1038 2148 1085 errores
2184 1039 2225 1084 a
2277 1017 2668 1101 quibusdam
2703 1036 2786 1081 ex
2819 1015 2881 1099 ig,
2897 1033 3007 1077 fo-

758 1126 979 1192 rantia
1031 1132 1097 1192 et
1146 1127 1231 1193 ab
1264 1129 1414 1194 aliis
1460 1128 1718 1195 malitia
1771 1127 2172 1195 introductos
2193 1178 2210 1212 ,
2248 1128 2409 1193 dicit
2441 1132 2507 1191 et
2536 1124 2834 1211 predicat
2870 1140 3006 1207 eos,

758 1237 865 1318 qui
900 1242 1051 1320 post
1082 1236 1472 1321 baptismum
1506 1239 1574 1303 in
1607 1244 1882 1321 peccata
1915 1237 2244 1320 labuntur,
2278 1257 2410 1302 non
2445 1234 3005 1320 rebaptizandos;
3077 1297 3083 1301 ,

754 1346 871 1410 sed
902 1363 1020 1430 per
1071 1364 1296 1411 veram
1349 1346 1781 1429 penitentiam
1825 1365 2084 1411 suorum
2117 1365 2321 1431 posse
2371 1344 2684 1427 consequi
2736 1341 3001 1407 veniam

751 1460 1191 1539 peccatorum.
1229 1453 1421 1532 Quod
1465 1454 1522 1520 si
1555 1475 1710 1520 vere
1742 1457 2112 1539 penitentes
2146 1457 2214 1520 in
2247 1456 2525 1523 caritate
2576 1450 3006 1531 decesserint,

752 1564 1100 1642 antequam
1155 1560 1377 1643 dignis
1430 1561 1792 1644 penitentie
1831 1562 2154 1630 fructibus
2187 1565 2270 1630 de
2324 1562 2687 1630 commissis
2730 1557 3005 1628 satisfe-

755 1667 958 1734 cerint
991 1674 1056 1734 et
1088 1669 1374 1751 omissis,
1411 1688 1631 1747 eorum
1666 1671 1924 1736 animas
1975 1673 2165 1755 penis
2202 1672 2606 1759 purgatoriis
2654 1675 2806 1755 post
2841 1688 3006 1734 mor-

760 1790 887 1840 tem
919 1778 1211 1863 purgari,
1246 1787 1305 1844 et
1338 1779 1422 1845 ad
1455 1799 1663 1865 penas
1695 1779 2062 1846 huiusmodi
2104 1783 2495 1849 revelandas
2531 1779 2850 1868 prodesse
2905 1776 3003 1843 eis

757 1886 1047 1953 fidelium
1095 1887 1393 1954 vivorum
1444 1887 1773 1972 suffragia,
1811 1890 2010 1957 misse
2062 1892 2315 1957 scilicet
2371 1889 2717 1972 sacrificia,
2762 1884 3001 1953 oratio-

760 2013 878 2058 nes
912 2004 974 2061 et
1005 1993 1420 2080 elemosinas,
1458 2001 1524 2060 et
1556 1996 1692 2061 alia
1724 1997 1993 2081 pietatis
2027 1996 2265 2081 officia,
2301 2018 2427 2081 que
2462 2019 2504 2063 a
2535 1994 2840 2064 fidelibus
2875 2011 2997 2077 pro

753 2101 904 2171 aliis
941 2101 1246 2169 fidelibus
1278 2102 1420 2168 fieri
1455 2112 1933 2170 consveverunt
1954 2104 2311 2173 secundum
2344 2105 2644 2172 Ecclesie
2676 2102 3001 2170 instituta.

751 2211 1020 2277 Illorum
1052 2210 1246 2295 igitur
1277 2211 1557 2297 animas,
1593 2214 1701 2295 qui
1736 2223 1888 2298 post
1939 2234 2201 2281 sacrum
2239 2215 2576 2299 baptisma
2626 2217 3004 2294 susceptum

752 2319 1291 2392 nullamomnino
1323 2321 1582 2406 peccati
1616 2324 1940 2387 maculam
1977 2323 2412 2406 incurrerunt3
2447 2324 2599 2389 illas
2632 2321 2849 2400 etiam,
2874 2337 3004 2401 que

752 2434 901 2515 post
935 2433 1340 2495 contractam
1375 2432 1635 2512 peccati
1659 2431 2003 2514 maculam,
2054 2432 2158 2499 vel
2191 2432 2258 2496 in
2291 2433 2428 2498 suis
2462 2435 2801 2497 manentes
2856 2447 3000 2493 cor-

751 2535 1055 2620 poribus,
1097 2537 1205 2603 vel
1263 2537 1517 2619 eisdem
1552 2545 1765 2615 exute,
1817 2548 2007 2625 prout
2058 2542 2356 2626 superius
2388 2541 2631 2607 dictum
2689 2544 2813 2622 est,
2851 2539 3002 2600 sunt

751 2652 1053 2731 purgate,
1091 2643 1159 2709 in
1191 2645 1402 2711 celum
1438 2668 1589 2714 mox
1622 2648 1847 2735 recipi.
1885 2647 2151 2715 Illorum
2186 2658 2405 2716 autem
2457 2648 2733 2732 animas,
2770 2645 2881 2731 qui
2932 2644 3001 2709 in
3045 2630 3051 2633 ’

752 2756 1008 2819 mortali
1039 2761 1338 2839 peccato,
1372 2756 1477 2820 vel
1512 2773 1657 2819 cum
1696 2757 1838 2824 solo
1873 2757 2181 2845 originali
2231 2758 2575 2836 decedunt,
2617 2776 2770 2821 mox
2800 2757 2868 2821 in
2903 2755 3000 2819 in·

752 2862 1006 2928 fernum
1039 2862 1463 2946 descendere,
1487 2865 1678 2949 penis
1699 2872 1921 2933 tamen
1951 2850 2323 2950 disparibus
2356 2865 2741 2954 puniendaS,
2767 2862 3000 2930 eadem

751 2972 995 3036 Sancta
1024 2973 1326 3040 Romana
1347 2972 1652 3038 Ecclesia
1680 2974 1884 3038 credit
1919 2984 1987 3039 et
2018 2974 2284 3040 firmiter
2306 2980 2685 3062 asseverat3
2723 2979 2787 3038 et
2821 2972 3002 3055 quod

752 3078 1214 3148 nichilominus
1268 3082 1334 3146 in
1384 3082 1490 3147 die
1534 3081 1811 3167 judicii,
1866 3103 2088 3151 omnes
2143 3083 2445 3151 homines
2497 3089 2652 3147 ante
2704 3080 3001 3148 tirbunal

753 3188 999 3257 Christi
1034 3209 1180 3255 cum
1212 3190 1351 3258 suis
1385 3190 1770 3274 corporibus
1806 3192 2290 3276 comparebunt,
2330 3191 2648 3258 reddituri
2682 3192 2765 3257 de
2799 3188 3000 3254 factis

748 3300 1029 3385 propriis
1064 3300 1409 3368 rationem.
1445 3304 1655 3367 Tenet
1689 3298 1887 3365 etiam
1924 3310 1988 3365 et
2027 3297 2217 3366 docet
2249 3301 2480 3367 eadem
2534 3303 2836 3366 Romana
2869 3299 2999 3364 Ec·

751 3409 977 3494 clesia,
1011 3414 1267 3493 septem
1301 3428 1446 3474 esse
1498 3405 1961 3473 ecclesiastica
1998 3418 2455 3494 sacramenta;
2490 3429 2688 3473 unum
2741 3407 3002 3473 scilicet

748 3518 1081 3601 baptizma
1103 3568 1121 3602 ,
1157 3517 1238 3583 de
1292 3535 1420 3600 quo
1457 3512 1700 3582 dictum
1730 3522 1830 3579 est
1865 3533 2101 3603 supra;
2135 3516 2321 3584 aliud
2355 3524 2456 3582 est
2506 3519 2998 3584 sacramentum

747 3627 1276 3709 confirmationis,
1319 3625 1493 3709 quod
1526 3642 1644 3707 per
1687 3643 1920 3691 manus
1955 3625 2432 3713 impositionem
2488 3624 2805 3709 Episcopi
2842 3642 2999 3690 con-

747 3737 960 3803 ferunt
994 3732 1370 3800 crismando
1404 3737 1715 3814 renatos;
1754 3730 1936 3797 aliud
1970 3738 2070 3796 est
2101 3732 2501 3817 penitentia;
2544 3731 2724 3799 aliud
2760 3730 3000 3798 eucha-

745 3844 967 3932 ristia3
1028 3842 1211 3910 aliud
1242 3849 1343 3908 est
1400 3846 1878 3908 sacramentum
1920 3841 2213 3928 ordinis;
2268 3841 2452 3908 aliud
2504 3846 2608 3907 est
2658 3837 3003 3907 matrimo-

745 3953 962 4041 nium;
1016 3951 1193 4016 aliud
1245 3959 1347 4018 est
1398 3958 1691 4018 extrema
1746 3952 1987 4032 unctio,
2022 3970 2153 4034 que
2206 3951 2569 4017 secundum
2622 3949 3000 4018 doctrinam

744 4061 938 4128 Beati
983 4060 1221 4127 Jacobi
1271 4060 1733 4126 irfirmantibus
1784 4059 2145 4125 exhibetur.
2198 4059 2697 4125 Sacramentum
2751 4060 3012 4134 eucha-,

745 4172 929 4238 ristie
961 4191 1045 4239 ex
1094 4168 1307 4238 azimo
1360 4169 1619 4236 conficit
1654 4166 1892 4234 eadem
1926 4167 2227 4235 Romana
2278 4159 2624 4255 Ecclesia,
2659 4174 2895 4235 tenens
2930 4179 3000 4237 et

747 4283 1036 4360 docens,
1089 4279 1261 4362 quod
1309 4278 1377 4344 in
1416 4278 1562 4364 ipso
1613 4281 2029 4343 sacramento
2075 4277 2269 4362 panis
2320 4297 2474 4345 vere
2523 4279 3001 4347 transubstan-

741 4390 940 4457 tiatur
973 4388 1042 4455 in
1074 4406 1338 4473 corpus,
1371 4391 1440 4455 et
1469 4386 1690 4453 vinum
1723 4384 1788 4452 in
1822 4383 2211 4471 sanguinem
2245 4386 2495 4454 domini
2526 4390 2691 4456 Jesu
2726 4386 2995 4456 Christi.

738 4503 842 4569 De
895 4497 1309 4565 matrimonio
1343 4515 1503 4563 vero
1556 4499 1773 4576 tenet,
1809 4494 1986 4578 quod
2017 4513 2138 4559 nec
2172 4514 2334 4563 unus
2368 4496 2467 4560 vir
2520 4497 2709 4563 simul
2767 4499 2998 4583 plures

738 4626 997 4692 uxores,
1035 4627 1156 4674 nec
1189 4626 1321 4674 una
1372 4604 1607 4672 mulier
1641 4604 1838 4671 simul
1886 4603 2130 4671 habere
2158 4585 2582 4689 ”permittitur
2636 4609 2866 4690 plures
2902 4609 2999 4674 vi-

743 4742 891 4811 ros;
924 4720 1142 4789 soluta
1172 4738 1326 4787 vero
1363 4717 1513 4803 lege
1533 4713 1931 4784 matrimonii
1962 4733 2079 4800 per
2109 4720 2379 4782 mortem
2411 4715 2790 4786 alterutrius
2827 4736 2996 4786 con·
