3416 5313
1404 407 1534 475 241

1307 498 1514 505 ιηῂ--ι
1525 500 1624 505 -

332 606 688 693 publicam,
721 625 840 691 per
873 623 1065 688 quam
1098 605 1226 672 itur
1258 605 1324 670 in
1358 604 1637 689 Bugdan
1672 606 1759 673 ad
1814 607 2210 691 aquilonem,
2244 628 2363 695 per
2391 628 2588 693 quam

333 716 637 799 regirans
671 715 760 781 ad
809 715 1086 800 primam
1140 720 1381 782 metam
1435 723 1500 782 et
1554 715 1648 781 ibi
1675 715 2084 783 terminatur.
2123 716 2365 785 Datum
2403 718 2589 787 Bude

332 825 625 907 septima
659 822 765 889 die
804 821 1187 888 festiuitatis
1221 824 1413 889 Beati
1445 822 1685 889 Jacobi
1735 825 2045 909 Apostoli
2096 844 2267 893 anno
2320 824 2589 893 Domini

334 930 690 998 millesimo
724 929 1176 997 ducentesimo
1211 930 1636 1015 nonagesimo
1673 951 1868 998 nono.

721 1126 1018 1197 (Eredetie
1044 1141 1079 1180 a
1103 1124 1425 1198 veszpremi
1451 1124 1737 1198 kaptalan
1762 1124 2208 1198 leveltdrdban.)

1220 1404 1719 1413 w

1375 1954 1520 2019 155.

335 2150 557 2214 Ietvdn
591 2147 1024 2234 alorszdybird
1050 2150 1421 2235 meyhayyja
1453 2171 1496 2211 a
1526 2149 1711 2212 vdczi
1740 2146 2200 2232 kdptalannak‚
2237 2145 2464 2232 hoqya
2493 2147 2589 2210 ki-

335 2259 513 2343 rdlyi
541 2259 605 2320 e's
635 2255 947 2343 kdptalan
980 2255 1255 2321 emberek
1273 2306 1291 2340 ,
1326 2255 1502 2319 Zellb'
1531 2255 1839 2341 helyeeqet
1871 2258 1934 2320 63
1963 2254 2343 2320 tartozekait
2374 2276 2416 2317 a
2434 2250 2591 2337 feld

708 2367 924 2430 ezinen
959 2365 1356 2431 becaultessek
1385 2386 1540 2452 meq.
1581 2367 1777 2430 1299.
1810 2364 2082 2433 novemb.
2116 2365 2223 2430 25.

557 2562 802 2628 Amicis
836 2565 994 2646 suis,
1030 2560 1336 2647 Capitulo
1361 2562 1685 2645 vaciensi,
1723 2563 1957 2630 Comes
1980 2563 2384 2648 Stephanus,
2408 2562 2592 2630 Vice-

343 2670 565 2737 Judex
617 2669 810 2738 Curie
861 2671 1110 2739 domini
1141 2670 1341 2756 Regis
1397 2672 1764 2737 amiciciam
1797 2679 2124 2757 paratam.
2173 2670 2348 2750 Quia
2398 2672 2593 2740 Nico-

341 2779 493 2844 laus
523 2779 692 2845 filius
724 2780 907 2860 Ivan‚
944 2784 1010 2843 et
1045 2777 1395 2846 Ladislaus
1424 2779 1597 2846 filius
1639 2779 1903 2846 Ivanka
1935 2778 2020 2844 de
2051 2778 2274 2847 Zelew
2293 2827 2313 2862 ‚
2365 2782 2596 2844 contra

348 2886 669 2953 Comitem
702 2888 907 2970 Byter
926 2935 944 2970 ‚
977 2885 1348 2971 Nycolaum
1370 2935 1388 2968 ‚
1423 2885 1796 2953 Johannem
1828 2892 1894 2951 et
1925 2884 2186 2969 fratres,
2220 2884 2391 2951 filios
2423 2885 2589 2951 eius-

348 2993 500 3059 dem
534 2993 805 3060 Comitis
838 2993 1057 3079 Byter‚
1091 2995 1158 3059 in
1191 2992 1497 3060 vndecim
1524 2991 1797 3077 judiciJs
1831 2998 1982 3059 sunt
2015 2991 2315 3075 conuicti,
2367 2996 2432 3055 et
2462 3010 2583 3074 pro

346 3098 598 3168 eisdem
624 3099 919 3186 judiciis,
954 3121 1035 3167 ac
1068 3085 1334 3169 racione
1367 3100 1527 3169 facti
1559 3100 1948 3185 principalis
1979 3098 2184 3185 ijdem
2221 3097 2338 3182 filij
2373 3097 2587 3165 Comi·

344 3207 437 3275 tis
471 3208 674 3291 Byter
706 3207 773 3271 in
804 3209 1295 3290 possessionem
1348 3208 1716 3274 eorumdem
1749 3206 1950 3273 Zeleu
1981 3212 2308 3286 vocatam,
2362 3206 2590 3283 semel,

344 3312 450 3380 bis
483 3321 546 3380 et
576 3314 779 3380 tercio
812 3314 1104 3399 legitime
1133 3315 1490 3402 „introducti
1521 3316 1820 3401 fuerunt3
1854 3333 1976 3382 nec
2008 3315 2217 3382 eciam
2248 3315 2589 3401 Nycolaus

345 3440 429 3487 ac
461 3420 816 3489 Ladislaus
849 3422 1129 3505 predicti
1179 3419 1267 3489 ad
1297 3422 1573 3506 Regiam
1607 3421 2020 3504 presenciam
2071 3422 2293 3487 uenire
2320 3439 2589 3487 ourane-

344 3533 530 3610 runt,
585 3527 729 3595 iura
762 3535 829 3596 et
862 3529 1046 3614 leges
1079 3530 1340 3612 penitus
1391 3535 1929 3613 contempnentes
1949 3578 1967 3611 ‚
2022 3533 2218 3612 prout
2249 3527 2318 3593 in
2351 3526 2588 3595 litteris

345 3632 588 3700 exinde
623 3634 939 3702 confectis
971 3654 1090 3718 per
1124 3635 1439 3702 Comitem
1463 3637 1860 3702 Hermanum
1894 3635 2242 3703 officialem
2276 3634 2593 3703 dictorum

342 3742 619 3808 fratrum
653 3739 922 3809 Comitis
956 3743 1177 3827 Byter‚
1213 3762 1331 3827 pro
1367 3742 1613 3810 eisdem
1648 3740 1928 3810 dominis
1961 3743 2097 3811 suis
2130 3739 2463 3829 exhibitis,
2500 3741 2594 3809 vi·

346 3849 560 3915 dimus
593 3849 853 3935 plenius
888 3851 1251 3933 contineri,
1304 3851 1681 3918 amiciciam
1713 3858 2002 3919 vestram
2035 3850 2425 3933 requirimus
2459 3848 2604 3915 dili-

347 3962 618 4042 genter,
673 3964 1000 4041 quatenus
1051 3958 1324 4026 mittatis
1374 3958 1708 4026 hominem
1757 3963 2046 4026 vestrum
2098 3956 2429 4045 ydoneum
2479 3976 2599 4042 pro

350 4065 751 4144 testimonio,
785 4066 851 4132 in
887 4066 1073 4132 cuius
1110 4073 1467 4152 conspectu
1503 4066 1858 4134 Ladislaus
1890 4065 2064 4133 filius
2097 4065 2366 4153 Danyk,
2400 4064 2598 4132 homo

349 4173 598 4239 domini
629 4176 834 4260 Regis
858 4226 875 4258 ‚
927 4174 1082 4241 item
1116 4175 1401 4242 Comites
1433 4175 1596 4242 Jurk
1638 4174 1809 4242 filius
1847 4170 2205 4257 Stephani,
2236 4171 2501 4239 Daman
2531 4168 2604 4235 fi-

348 4280 477 4348 lius
508 4280 772 4346 Buzzad
795 4330 813 4365 ‚
846 4279 1081 4366 Hegen
1113 4280 1289 4347 filius
1319 4280 1541 4367 Haym
1567 4330 1585 4365 ‚
1638 4286 1703 4346 et
1737 4280 1973 4346 Comes
2012 4277 2376 4366 Dyonisius
2426 4276 2600 4344 filius

350 4389 520 4456 Jurk
570 4388 992 4455 estimatorcs
1043 4386 1365 4454 accedant
1400 4405 1599 4471 super
1643 4385 1884 4454 faciem
1935 4385 2107 4452 dicte
2158 4385 2602 4469 possessionis

349 4494 637 4579 Nycolai
670 4501 736 4560 et
768 4494 1070 4565 Ladislai
1102 4495 1302 4561 Zelev
1350 4498 1622 4577 uocate,
1677 4490 1960 4558 videndo
1996 4496 2062 4557 et
2112 4490 2601 4559 considerando

347 4600 666 4668 vtilitates
700 4602 1058 4671 addemum
1091 4602 1395 4669 estiment
1429 4601 1716 4667 eandem
1748 4619 1892 4666 cum
1927 4598 2316 4666 Vtilitatibus
2350 4606 2418 4665 et
2453 4617 2602 4681 per-

345 4711 661 4794 tinencijs
697 4711 836 4777 suis
869 4711 1191 4778 uniuersis
1223 4709 1395 4775 iusto
1431 4710 1660 4794 modo,
1720 4713 1788 4773 et
1820 4714 1972 4792 post
2002 4706 2125 4773 heo
2175 4706 2412 4773 seriem
2447 4704 2599 4772 esti·

455 4835 661 4875 nomm.
680 4834 841 4876 nune.
861 4834 995 4876 mer.
1017 4836 1217 4875 mnn-
1239 4833 1303 4872 ιο.
2192 4815 2274 4879 16
