3416 5313
1471 394 1607 459 269
1677 484 1700 492 -

1462 1020 1602 1086 1⁷4.

529 1219 663 1284 ΙΙΙ.
698 1219 916 1284 Endre
947 1217 1164 1304 kirdly
1193 1218 1546 1303 meyerb'siti
1576 1215 1863 1304 Soprony
1894 1218 2078 1283 vdros
2114 1217 2563 1319 azabadsdqait·

1303 1325 1768 1389 1290—1301.

625 1523 930 1592 Andreas
963 1523 1090 1587 Dei
1121 1525 1346 1607 gracia
1376 1523 1516 1588 Rex
1539 1521 1880 1607 Hungarie
1912 1521 2218 1590 fidelibus
2250 1523 2387 1591 suis
2408 1522 2664 1590 vniuer-

414 1632 508 1699 sis
538 1631 792 1699 ciuibus
823 1651 943 1698 seu
992 1629 1364 1716 hospitibus
1416 1629 1497 1699 de
1530 1631 1856 1717 Suprunio
1907 1634 2186 1698 salutem
2236 1640 2303 1698 et
2353 1630 2665 1714 graciam.

411 1740 596 1818 Quia
629 1740 952 1808 Comitem
1001 1738 1371 1826 Wlwynum
1421 1746 1488 1807 et
1539 1741 1927 1823 magistrum
1974 1741 2306 1808 Andream
2359 1739 2669 1807 concines

411 1855 669 1916 vestros
705 1867 850 1915 cum
881 1847 1120 1916 litteris
1151 1848 1390 1915 vestris
1423 1848 1516 1915 ad
1547 1868 1668 1915 nos
1701 1848 1787 1915 ad
1811 1853 2038 1931 partes
2073 1855 2207 1913 tam
2242 1853 2545 1930 remotaS,
2581 1845 2668 1914 ad

417 1953 818 2024 visitandam
859 1973 1209 2040 personam
1243 1961 1552 2038 nostram,
1588 1962 1652 2023 et
1687 1957 1774 2022 ad
1812 1954 2295 2041 propalandam
2346 1953 2667 2037 querimo-

409 2063 586 2132 niam
618 2070 906 2131 vestram
939 2061 1027 2127 ad
1059 2081 1177 2128 nos
1209 2061 1692 2146 transmisistis,
1727 2060 2027 2129 fidelitati
2071 2061 2524 2130 vniuersitatis
2557 2081 2665 2129 veae

410 2179 547 2237 stre
580 2169 926 2238 referimus
959 2170 1201 2239 multas
1231 2176 1487 2255 grates.
1523 2170 1800 2254 Propter
1832 2167 2007 2252 quod
2040 2175 2334 2236 vestram
2365 2169 2431 2234 in
2467 2169 2667 2238 omni-

415 2279 538 2346 bus
571 2277 847 2345 fecimns
878 2283 943 2342 et
975 2276 1293 2343 faciemus
1320 2277 1760 2365 ‚voluntatem
1813 2277 2028 2362 Super
2063 2297 2141 2343 eo
2176 2283 2395 2343 autem
2414 2325 2433 2359 ,
2488 2277 2664 2360 quod

414 2385 748 2470 perterriti
795 2384 1052 2467 fuistis,
1104 2386 1279 2467 quod
1312 2404 1433 2451 nos
1485 2386 1872 2470 magistrum
1921 2383 2295 2452 Johanncm
2345 2384 2670 2452 Comitem

412 2493 932 2577 Supruniensem
984 2499 1048 2560 et
1079 2490 1400 2561 Comitem
1431 2492 1843 2560 Castriferrei
1893 2494 2084 2562 vobis
2119 2494 2184 2559 in
2234 2492 2669 2578 Capitaneum

409 2593 844 2689 prefecimus3
875 2601 1210 2697 noveritis,
1243 2599 1421 2685 quod
1451 2621 1582 2669 non
1613 2599 1908 2688 fecimus,
1941 2622 2095 2690 ymo
2117 2602 2657 2672 conseruabimus

409 2730 531 2779 vos
566 2712 632 2775 in
663 2710 785 2776 illa
820 2718 886 2776 et
918 2708 1149 2777 eadem
1184 2711 1488 2778 libertate
1520 2716 1763 2791 vestra,
1799 2713 1865 2777 in
1899 2732 2030 2795 qua
2065 2731 2107 2777 a
2140 2720 2430 2797 tempore
2466 2711 2668 2779 domi-

412 2836 647 2884 norum
678 2816 841 2885 Bele
877 2826 940 2883 et
973 2817 1292 2903 Stephani
1324 2818 1684 2886 Illustrium
1717 2820 1971 2906 Regum
2005 2819 2342 2905 Hungarie
2377 2819 2667 2888 felicium

415 2925 975 3013 recordacionum,
1009 2927 1506 2994 karissimorum
1541 2948 1815 2996 auorum
1855 2937 2241 3011 nostrorum,
2275 2929 2461 2997 iuxta
2490 2927 2671 3013 ipso-

410 3055 556 3101 rum
607 3034 1093 3101 continenciam
1143 3026 1638 3120 priuilegiorum
1689 3035 2153 3121 permansistis
2203 3055 2409 3119 usque
2456 3034 2670 3101 modo.

411 3145 499 3209 Et
530 3142 597 3208 id
630 3143 825 3210 uobis
849 3141 1170 3210 faciemus
1205 3140 1368 3210 data
1399 3143 1527 3211 fide
1549 3151 1778 3213 nostra
1813 3144 2071 3231 Regali,
2104 3150 2168 3209 et
2201 3142 2413 3210 adhuc
2436 3144 2500 3209 in
2536 3143 2677 3227 plu-

414 3250 597 3318 ribus
629 3256 920 3317 vestram
954 3249 1354 3336 peticionem
1386 3251 1849 3337 admittemus,
1901 3252 2076 3318 sicut
2115 3252 2183 3318 in
2224 3251 2532 3320 libertate
2562 3270 2671 3317 ve-

414 3364 556 3426 stra
587 3357 1002 3442 priuilegium
1035 3359 1239 3444 Regis
1271 3359 1574 3429 Ladislai
1606 3361 1937 3445 continet,
1974 3369 2039 3427 et
2072 3367 2298 3430 nostro
2333 3359 2670 3428 confirma-

413 3466 631 3532 uimus
659 3463 1033 3552 priuilegio.
1067 3469 1236 3534 Item
1260 3469 1728 3551 concessimus,
1766 3469 1937 3552 quod
1959 3468 2346 3556 sagittarios
2370 3469 2670 3555 populos,

418 3593 585 3656 quos
619 3572 923 3642 dominus
956 3573 1337 3662 Stephanus
1391 3582 1457 3643 et
1491 3577 1796 3645 dominus
1828 3578 2182 3646 Ladislaus
2232 3578 2452 3662 Reges
2483 3573 2671 3651 uobis

414 3683 484 3749 in
516 3681 733 3750 socios
768 3682 1166 3770 deputarunt
1192 3731 1211 3768 ‚
1267 3683 1695 3768 relinquimus
1733 3690 1797 3750 et
1830 3704 1952 3751 nos
1983 3684 2195 3767 vobis,
2231 3683 2297 3749 in
2330 3684 2563 3750 eadem
2596 3681 2670 3746 li-

417 3791 676 3857 bertate
727 3809 1212 3875 permansuros.
1266 3790 1544 3860 Coniam
1574 3790 1913 3874 volumus,
1969 3793 2146 3876 quod
2179 3794 2294 3859 vos
2348 3789 2412 3858 in
2448 3798 2671 3858 vestra

408 3902 715 3969 libertate
747 3902 1150 3971 conservetis
1183 3900 1367 3972 iuxta
1398 3904 1637 3971 omnia.
1689 3904 1933 3970 Datum
1967 3902 2034 3968 in
2067 3902 2338 3973 Iwanch
2375 3901 2545 3972 feria
2579 3904 2663 3969 ΙΙ.

417 4008 717 4094 proxima
746 4015 897 4094 post
926 4009 1164 4076 festum
1198 4010 1431 4077 Sancti
1463 4009 1644 4075 Petri
1677 4010 1768 4076 ad
1796 4009 2096 4078 Vincula.

822 4200 1115 4276 (Soprony
1141 4201 1313 4264 varos
1340 4201 1747 4265 leveltarabol.
1773 4206 2002 4262 Hatvami
2026 4206 2266 4276 Miluily.)
