3416 5313
1441 356 1571 426 193

1428 983 1584 1052 128.

383 1182 478 1249 Az
510 1185 870 1272 eezterqami
898 1181 1209 1271 kdptalan
1241 1179 1785 1270 bizonysdqlevcle‚
1816 1180 1976 1267 hoqy
2008 1181 2328 1268 Koarozeq
2358 1178 2626 1267 helysdy-

470 1293 582 1358 ben
614 1293 778 1359 biv-62·
819 1293 1279 1360 hatdrozatnak
1297 1290 1565 1379 folytdn
1597 1292 1966 1379 hatdrjdrda
2001 1299 2305 1358 tartatott.
2345 1290 2540 1356 1298.

1176 1493 1238 1563 A
1471 1493 1525 1555 Β
1762 1490 1834 1559 0.

595 1656 729 1722 Nos
751 1653 1123 1741 Capitulum
1143 1652 1444 1722 Ecclesie
1479 1651 1955 1740 Strigoniensis
1975 1653 2287 1722 memorie
2312 1671 2632 1722 commen-

382 1760 617 1830 dantes
657 1763 1103 1849 significamus
1138 1761 1372 1845 quibus
1405 1761 1673 1848 expedit
1704 1761 2028 1829 universis
2065 1761 2477 1849 presencium
2515 1781 2632 1847 per

383 1878 695 1957 tenorem,
730 1871 906 1956 quod
930 1892 1078 1939 cum
1109 1871 1295 1938 iuxta
1327 1869 1811 1938 continenciam
1843 1869 2211 1937 litterarum
2243 1871 2482 1939 nobilis
2508 1871 2634 1939 viri

382 1981 653 2050 Comitis
672 1981 1017 2051 Benedicti
1038 1979 1501 2051 Wice-Judicis
1535 1980 1734 2048 Ourie
1768 1980 2015 2048 domini
2037 1981 2242 2066 Regis
2276 1981 2345 2048 in
2377 1981 2633 2049 octavis

383 2090 581 2177 medij
615 2094 867 2160 XL·me
897 2091 1216 2178 magister
1233 2091 1536 2159 Andreas
1568 2089 1741 2159 filius
1771 2088 2033 2160 Nicolai
2061 2089 2146 2156 de
2177 2089 2365 2179 Zyud
2398 2091 2484 2157 ab
2504 2108 2638 2156 vna

383 2205 595 2285 parte,
628 2201 971 2269 Paznanus
1006 2204 1073 2268 et
1102 2202 1416 2269 Nicolaus
1450 2199 1685 2270 Comes
1721 2200 1806 2268 de
1838 2198 2209 2285 Chalamia,
2242 2199 2427 2266 Beke
2459 2198 2634 2267 filius

386 2306 680 2375 eiusdem
729 2306 1005 2378 Comitis
1055 2308 1317 2377 Nicolai
1368 2330 1486 2397 pro
1535 2330 1608 2376 se
1641 2316 1705 2377 et
1738 2329 1858 2395 pro
1892 2308 2209 2376 Ladislao
2255 2309 2460 2376 fratre
2491 2327 2639 2393 suo,

386 2416 658 2486 Alexius
708 2416 877 2486 filius
909 2416 1253 2504 Feliciani,
1286 2426 1349 2484 et
1401 2418 1740 2487 Johannes
1791 2417 1963 2484 filius
2013 2417 2366 2485 Laurencii
2398 2418 2482 2485 de
2532 2438 2637 2484 ea·

388 2525 576 2610 dem,
630 2524 1053 2610 presentibus
1094 2512 1492 2609 testimonijs
1544 2523 1787 2593 nostris
1834 2532 1900 2591 et
1954 2524 2213 2594 duobus
2264 2522 2638 2595 hominibus

388 2632 635 2702 domini
667 2633 871 2720 Regis
904 2652 1100 2720 super
1130 2631 1367 2703 faciem
1402 2640 1576 2712 terre
1616 2634 2040 2703 contenciose
2072 2636 2375 2721 Koarzeg
2405 2644 2642 2703 vocate

387 2744 825 2829 personaliter
858 2744 1178 2813 accedere
1222 2745 1646 2831 debuissent;
1680 2744 2192 2815 advenientibus
2222 2745 2444 2831 itaque
2475 2745 2640 2832 ipsis

392 2854 645 2920 oetavis
679 2853 883 2939 medij
917 2854 1194 2938 XL·me,
1215 2853 1538 2939 magister
1571 2854 1893 2936 Andreae,
1927 2872 2214 2920 vnacum
2237 2852 2485 2921 Gemite
2518 2856 2641 2921 Bu·

388 2962 526 3046 gud
557 2960 822 3028 homine
856 2961 1103 3029 domini
1124 2962 1327 3045 Regis
1349 2969 1416 3028 et
1450 2961 1829 3030 testimonio
1861 2967 2112 3047 nostro,
2149 2961 2467 3028 videlieet
2499 2964 2641 3031 Cle·

390 3078 605 3136 mente
655 3073 1004 3139 sacerdote
1055 3071 1141 3138 de
1190 3073 1568 3140 Komenche
1619 3073 1705 3139 ab
1739 3093 1873 3140 vna
1905 3078 2141 3157 parte,
2197 3073 2545 3153 Paznanus
2580 3081 2645 3140 et

389 3180 705 3246 Nicolaus
760 3182 997 3250 Oomes
1054 3180 1138 3248 de
1172 3180 1521 3249 Ohalamia
1544 3234 1562 3267 ,
1613 3181 1798 3248 Beke
1830 3181 2002 3248 filius
2034 3180 2327 3248 eiusdem
2359 3182 2643 3264 Nicolai,

392 3309 509 3372 pro
542 3308 615 3355 se
650 3297 717 3356 et
746 3310 867 3375 pro
898 3288 1211 3358 Ladislao
1262 3293 1463 3359 fratre
1495 3310 1637 3379 suo,
1670 3291 1947 3361 Alexius
1997 3289 2168 3358 filius
2200 3291 2546 3377 Feliciani‚
2581 3301 2648 3359 et

392 3395 435 3462 J
440 3397 735 3465 ohannes
756 3398 930 3465 filius
969 3399 1315 3467 Laurencii
1339 3401 1422 3467 de
1455 3399 1687 3476 eadem
1719 3421 2000 3469 vnacum
2023 3400 2276 3469 Comite
2310 3401 2647 3488 Stephano

392 3503 526 3571 filio
557 3507 706 3575 Aba
736 3507 817 3573 de
849 3507 1196 3595 Zalathna‚
1246 3507 1549 3577 similiter
1578 3508 1845 3578 homine
1877 3507 2125 3576 domini
2165 3509 2384 3595 Regis,
2421 3515 2487 3575 et
2516 3509 2647 3577 Do-

394 3613 634 3680 minico
668 3614 1011 3683 sacerdote
1043 3618 1126 3684 de
1176 3619 1462 3707 Nyenye
1496 3618 1874 3687 testimonio
1908 3626 2132 3687 nostro
2184 3637 2268 3684 ex
2301 3620 2533 3700 altera,
2567 3621 2650 3685 si-

396 3727 504 3786 eut
535 3717 758 3788 eedem
788 3731 1014 3809 partes
1046 3732 1110 3791 et
1158 3723 1452 3793 homines
1487 3726 1735 3795 domini
1769 3729 1971 3815 Regis
2005 3733 2073 3793 et
2123 3725 2505 3794 testimonia
2536 3748 2647 3793 no-

396 3835 537 3897 stra
589 3829 678 3896 ad
727 3836 1015 3899 nostram
1069 3835 1483 3919 presenciam
1535 3838 1980 3921 personaliter
2018 3836 2426 3904 accedentes
2461 3837 2650 3903 nobis

395 3939 808 4007 concorditer
856 3941 1252 4026 recitarunt,
1305 3944 1394 4011 ad
1441 3944 1809 4029 predictam
1862 3952 2105 4013 terram
2160 3946 2651 4014 contenciosam

391 4048 706 4136 Koarzeg
728 4051 1123 4119 aecedentes
1143 4052 1669 4122 reambulassent
1701 4054 1986 4122 eandem
2020 4056 2210 4122 iuxta
2240 4063 2501 4121 ueteres
2521 4075 2652 4128 me,-

393 4166 497 4226 tas
519 4167 584 4228 et
604 4160 928 4247 antiquae,
952 4162 1137 4229 iuxta
1159 4161 1433 4229 formam
1454 4162 1790 4248 privilegii
1812 4162 2066 4230 domini
2087 4164 2288 4249 Regis
2305 4163 2465 4230 Bele
2486 4162 2655 4229 inibi

393 4287 511 4352 per
542 4268 927 4354 magistrum
963 4266 1299 4338 Andr-eam
1334 4271 1610 4338 exhibiti
1638 4322 1655 4350 ,
1690 4279 1887 4356 prout
1919 4274 1985 4339 in
2019 4271 2250 4340 eodem
2299 4272 2652 4359 privilegio

406 4375 570 4442 Bele
592 4377 796 4463 Regis
815 4398 1016 4463 super
1047 4378 1198 4464 ipsa
1218 4384 1395 4445 terra
1415 4377 1731 4466 Koarzeg
1750 4385 1990 4448 uocata
2017 4376 2312 4447 confecto
2335 4379 2658 4446 uidissent

393 4483 833 4556 limitaciones
865 4494 931 4555 et
961 4486 1275 4555 terminos
1308 4487 1664 4556 earundem
1700 4495 2024 4556 metarum
2059 4488 2423 4573 contineri,
2465 4495 2657 4571 prout

399 4613 630 4663 cursus
662 4604 981 4667 metarum
1013 4596 1083 4664 in
1113 4595 1409 4684 predicto
1442 4598 1847 4680 transcripto
1895 4595 2230 4683 priuilegii
2261 4594 2508 4663 domini
2539 4596 2677 4660 Re-.

392 4701 493 4789 gis
545 4706 707 4773 Bele
763 4709 887 4774 sub
952 4704 1171 4792 sigillo
1223 4704 1538 4791 pendenti
1591 4705 1887 4792 Capituli
1942 4704 2313 4772 Waciensrs
2376 4704 2658 4770 uidimus

500 4829 709 4874 nomm.
728 4832 890 4874 nuuc.
911 4831 1264 4873 msa—nm..
1284 4832 1355 4873 10.
2251 4814 2336 4877 13
