3416 5313
1443 358 1566 427 167

1440 993 1593 1061 108.

391 1190 631 1273 Ldszld,
665 1190 902 1253 Miklo's
932 1192 1268 1254 mesternck
1288 1193 1495 1256 maadi
1532 1193 1785 1257 ba'nnak
1803 1196 1921 1277 fia,
1956 1196 2211 1261 Illenclel
2244 1200 2457 1263 Ebron
2472 1202 2625 1285 fiai-

382 1300 514 1360 nale
536 1298 768 1383 nemcly
785 1299 1063 1383 javakat
1083 1300 1460 1388 odomcinyoz
1479 1300 1887 1387 hilbcrkc'pew,
1909 1308 2219 1370 ausztrz’ai
2233 1312 2353 1393 joy
2382 1312 2625 1374 szcrint.

1407 1411 1599 1473 1296.

597 1607 732 1670 Nos
766 1605 1113 1671 Ladislaus
1135 1604 1309 1672 filius
1342 1608 1640 1692 Magistri
1674 1609 1955 1695 Nycolai
1988 1613 2159 1680 Bani
2194 1613 2275 1677 de
2312 1614 2506 1683 Mead
2525 1623 2624 1683 te-

378 1736 537 1781 nore
570 1717 982 1799 presencium
1015 1716 1405 1800 profitemur,
1461 1716 1634 1798 quod
1671 1716 1839 1784 bona
1873 1718 2359 1789 deliberacione
2391 1724 2624 1809 preha-

380 1824 522 1889 bita·
555 1832 620 1889 et
664 1826 931 1891 consilio
987 1824 1393 1907 sapientum,
1430 1823 1845 1890 attendentes
1900 1825 2280 1893 fidelitatem
2332 1832 2623 1914 ipsorum

380 1933 819 2014 seruiciorum‚
872 1932 1202 2013 Wolfgero
1240 1938 1306 1997 et
1339 1935 1640 2017 Nycolao
1677 1933 1940 2017 Ebroni,
1984 1944 2045 1998 et
2077 1938 2335 2003 Andr-ee
2371 1948 2437 2005 et
2484 1943 2622 2027 My·

377 2043 593 2111 chaeli
625 2043 783 2127 filijs
834 2041 1079 2107 Ebroni
1115 2040 1270 2108 dicti
1321 2042 1587 2107 Mendel
1621 2042 1704 2108 de
1740 2042 1951 2127 Mcad,
1987 2053 2052 2108 et
2086 2046 2387 2115 omnibus
2437 2048 2619 2115 here-

376 2154 566 2220 dibus
599 2155 888 2238 ipsorum
909 2151 1245 2233 utriusque
1279 2171 1496 2234 sexus,
1532 2154 1814 2231 quedam
1840 2154 2012 2218 bona
2035 2172 2157 2218 sua
2190 2154 2255 2218 in
2290 2156 2501 2239 Mead,
2530 2159 2623 2224 vi-

377 2261 620 2328 delicet
651 2266 928 2341 quatuor
949 2255 1145 2324 feoda
1187 2266 1250 2323 et
1294 2258 1631 2323 dimidium
1669 2276 1811 2322 cum
1855 2259 2239 2339 quibusdam
2274 2263 2473 2346 agris,
2514 2265 2620 2347 qui

373 2368 800 2436 communiter
823 2364 1214 2429 VberMazze
1228 2372 1704 2449 nuncupantur,
1723 2376 1785 2429 et
1809 2368 2131 2449 quandam
2152 2376 2405 2452 partem
2431 2372 2621 2438 sillae

373 2476 568 2564 (igy)‚
605 2484 669 2542 et
690 2474 1026 2540 dimidium
1067 2473 1326 2540 feodum
1351 2494 1537 2539 suum
1586 2477 1650 2540 in
1672 2477 2200 2557 Mortunzzaben,
2226 2481 2618 2546 contulimus

370 2586 628 2655 nomine
651 2583 911 2667 feodali,
935 2582 1288 2649 secundum
1313 2591 1482 2647 terre
1496 2584 1768 2649 Austrie
1791 2584 2142 2672 iusticiam,
2174 2588 2376 2654 libere
2402 2597 2463 2653 et
2484 2610 2624 2676 per-

367 2704 565 2781 petue
596 2681 1018 2780 possidenda,
1053 2693 1150 2759 sic
1172 2693 1340 2775 quod
1361 2713 1478 2777 per
1511 2714 1634 2761 nos
1668 2703 1780 2761 aut
1813 2715 2234 2764 successores
2268 2705 2530 2767 nostros
2552 2700 2621 2764 in

371 2804 683 2892 predictis
725 2802 951 2884 feodis,
988 2803 1242 2869 scilicet
1260 2804 1437 2888 agris
1478 2809 1545 2867 et
1582 2803 1787 2885 siluis,
1822 2807 2156 2873 molestari
2189 2828 2316 2872 non
2339 2807 2622 2877 debeant

373 2917 503 2980 vllo
540 2914 754 2995 mod0‚
792 2918 906 2976 aut
933 2915 999 2978 in
1031 2913 1253 2995 aliquo
1278 2912 1620 2998 impediri3
1657 2912 2116 2980 confirmantes
2141 2934 2253 2982 eos
2286 2917 2347 2981 in
2374 2917 2619 2984 eisdem

369 3025 597 3105 bonis,
652 3021 1004 3088 secundum
1056 3020 1228 3103 quod
1262 3029 1529 3089 actenus
1566 3022 1778 3107 ipsam
1823 3023 2021 3090 feoda
2073 3045 2216 3091 cum
2252 3026 2390 3090 suis
2438 3037 2617 3092 ante-

369 3133 739 3201 cessoribus
772 3150 812 3195 a
846 3131 1086 3196 nostris
1136 3131 1664 3217 progenitoribus
1699 3135 2084 3213 tenuerunt,
2137 3133 2375 3200 dantes
2408 3133 2618 3201 eciam

368 3244 538 3328 ipsis
572 3242 847 3308 liberam
880 3245 1276 3325 potestatem
1323 3239 1648 3305 vendendi
1682 3247 1752 3304 et
1785 3240 2124 3326 obligandi
2157 3239 2356 3307 feoda
2388 3261 2616 3327 supra-

369 3353 573 3438 dicta,
609 3357 674 3416 et
696 3348 1090 3433 disponendi
1121 3369 1202 3415 ea
1222 3348 1310 3414 ad
1331 3347 1677 3416 vtilitatem
1700 3349 2008 3433 ipsorum,
2034 3351 2413 3437 secundum,
2443 3350 2615 3434 quod

367 3457 753 3528 necessitati
779 3477 1004 3525 eorum
1035 3455 1363 3524 videbitur
1396 3456 1723 3542 expedire.
1759 3458 1845 3523 Et
1875 3478 1955 3523 ne
1977 3459 2469 3525 concessionem
2502 3480 2612 3526 no-

368 3579 572 3636 stram
605 3569 672 3636 in
705 3575 1035 3655 posterum
1069 3564 1305 3648 aliquis
1359 3566 1686 3632 hominum
1742 3568 1963 3634 valeat
1995 3566 2350 3653 infringere
2384 3575 2495 3632 aut
2524 3569 2606 3635 ir·

367 3682 592 3761 ritare‚
626 3676 938 3762 predictis
970 3674 1281 3743 fratribus
1315 3673 1468 3758 filijs
1517 3675 1767 3740 Ebroni
1801 3674 1955 3739 dicti
1989 3675 2270 3756 Mendel,
2307 3681 2372 3741 et
2406 3676 2606 3742 omni-

365 3788 487 3854 bus
518 3785 873 3853 heredibus
898 3785 1185 3869 ipsorum
1219 3791 1556 3868 presentes
1582 3782 1876 3848 dedimus
1897 3785 2151 3848 litteras
2174 3784 2381 3867 sigilli
2403 3785 2610 3850 nostri

366 3896 721 3963 munimine
753 3896 1121 3961 roboratas.
1173 3895 1416 3958 Datum
1453 3891 1520 3957 in
1562 3892 1757 3959 Mead
1790 3912 1965 3957 anuo
1997 3893 2263 3959 Domini
2316 3893 2418 3960 Μο
2470 3893 2612 3960 000

368 4003 725 4071 LXXXX⁰
756 4004 846 4069 VI
877 4004 943 4070 in
974 4002 1080 4069 die
1114 4003 1488 4088 Margarete
1519 4001 1826 4085 Virginis,

440 4201 732 4275 (Eredetie
759 4198 937 4275 fflggo'
963 4198 1249 4272 pecsettel
1275 4219 1309 4256 a
1347 4199 1618 4271 sopronyi
1666 4196 1861 4255 varosi
1888 4196 2271 4256 levcltarban.
2300 4201 2540 4254 Παιυαηι·

1363 4291 1604 4359 Mihdly.)
