3416 5313
1378 399 1507 467 221

329 604 515 671 dicta
548 600 971 687 possessione
1002 594 1362 680 Bogartelk
1396 596 1909 680 distinguentem
1943 592 2328 660 erexissent.
2362 591 2448 658 Et
2485 589 2583 657 sic

326 712 758 779 terminantur
805 712 978 774 mete
1024 704 1472 793 possessionis
1517 701 1919 785 Bogartelke
1950 704 2319 784 prenotate,
2371 697 2585 784 legiti-

330 820 459 887 mis
492 817 728 885 diebus
758 814 1008 883 ibidem
1033 812 1538 897 expectantibus
1571 809 1834 877 nemine
1865 808 2349 877 contradictore
2383 824 2583 890 appa·

333 937 542 993 rente.
580 924 818 990 Datum
851 922 919 988 in
972 921 1149 988 festo
1185 922 1393 987 Beate
1447 917 1814 986 Katharine
1845 916 2125 1000 virginis
2159 920 2224 980 et
2253 914 2587 1000 martyris,

335 1055 515 1103 anno
549 1034 899 1121 prenotato
933 1025 1308 1113 (millesimo
1342 1025 1502 1093 (20⁰.
1535 1022 1914 1092 Lxxxx0.
1948 1019 2176 1111 nono).

808 1221 1089 1297 (Teutseb
1115 1219 1179 1280 es
1206 1219 1531 1278 Firnhaber
1555 1218 1630 1274 id.
1659 1236 1733 1274 m.
1759 1219 1802 1275 1.
1828 1217 1887 1274 k.
1913 1217 2036 1274 214.
2064 1214 2127 1286 1.)

1217 1520 1568 1531 ——n-——-
1585 1524 1620 1528 k
1653 1520 1750 1529 ..-....

1401 2048 1555 2117 146.

360 2245 425 2312 Α
454 2249 637 2336 yfir-2·
666 2247 982 2335 kdpealan
1030 2243 1557 2336 bizonysdqlevele
1573 2295 1591 2330 ,
1639 2243 1802 2333 hoqy
1832 2268 1876 2312 a
1923 2243 2189 2310 υάευάνί
2213 2242 2523 2332 kdptalan
2553 2247 2617 2312 έε

362 2355 655 2422 Hei-bord
682 2352 844 2443 qrdf
864 2376 945 2422 az
977 2353 1088 2421 0⁸2
1117 2351 1557 2440 nemnem-qb&
1585 2351 1872 2419 Ilmeuch
1919 2350 2251 2418 birtokdra
2279 2352 2624 2420 vonatkozd

500 2462 1093 2550 eyyenetlemeqliket
1132 2462 1506 2551 bardtsdyos
1535 2465 1689 2528 ticon
1726 2458 2246 2549 kioqyenlitettdk.
2286 2461 2484 2528 1299.

583 2662 723 2731 Nos
755 2659 1139 2748 Capitulum
1170 2661 1552 2731 Jauriensis
1602 2659 1910 2729 Ecclesie
1942 2658 2178 2727 damus
2210 2679 2331 2747 pro
2364 2679 2617 2731 memo-

372 2770 497 2857 ria,
530 2771 709 2857 quod
741 2772 1067 2842 discretus
1097 2771 1199 2839 vir
1233 2770 1557 2858 magister
1587 2770 1905 2839 Nicolaus
1925 2823 1945 2858 ,
1978 2770 2364 2857 Prepositus
2399 2770 2624 2842 Castri

374 2879 628 2965 Ferrei,
660 2885 798 2951 tam
833 2900 952 2966 pro
985 2898 1099 2963 se,
1151 2900 1347 2964 quam
1379 2898 1502 2966 pro
1534 2877 1845 2964 capitulo
1878 2878 2179 2947 Ecclesie
2216 2897 2337 2947 sue
2369 2879 2456 2948 ab
2490 2900 2626 2949 una

376 2993 569 3071 parte
593 3009 610 3073 3
642 2986 887 3058 nobilis
915 2986 1018 3057 vir
1049 2986 1363 3072 magister
1381 2986 1768 3056 Herbordus
1797 2985 1975 3053 filius
1997 2984 2274 3055 Comitis
2294 2985 2627 3054 Herbordi

376 3093 461 3161 de
492 3113 737 3178 genere
775 3094 893 3165 Osl
924 3114 1010 3163 ex
1038 3096 1275 3179 altera,
1311 3114 1535 3162 eoram
1563 3093 1757 3163 nobis
1787 3093 2232 3181 personaliter
2264 3093 2630 3181 constituti,

380 3221 584 3287 super
616 3223 841 3287 causa,
888 3222 1087 3290 quam
1117 3202 1290 3271 idem
1322 3200 1627 3270 dominus
1658 3201 2048 3290 Prepesitus
2088 3208 2316 3271 contra
2347 3203 2632 3273 eundem

381 3309 770 3394 magistrum
789 3310 1210 3381 Herbordum
1237 3311 1308 3379 in
1330 3309 1701 3406 quindenis.
1739 3312 2162 3380 Pentecostes
2189 3310 2500 3380 mouebat
2517 3329 2635 3380 seu

385 3436 654 3486 mouere
686 3416 1071 3488 intendebat
1091 3439 1318 3489 coram
1339 3418 1605 3486 domino
1636 3420 1842 3504 Rege,
1874 3437 1996 3507 per
2015 3418 2429 3488 amicabilem
2467 3437 2638 3487 com·

384 3525 797 3611 posicionem
847 3528 1199 3612 proborum
1250 3533 1317 3594 et
1355 3526 1672 3595 nobilium
1710 3525 1992 3596 virorum
2015 3579 2035 3614 ,
2091 3525 2395 3595 uidelicet
2429 3526 2638 3614 magi-

386 3640 595 3702 strum
627 3633 1003 3723 Oarachyni
1033 3634 1365 3722 Prepositi
1408 3635 1710 3703 Ecclesie
1741 3642 1984 3721 nostre,
2018 3632 2375 3723 Dominieij
2406 3637 2642 3720 Prepe-

394 3739 512 3809 siti
559 3742 859 3812 Ecclesie
896 3741 1089 3813 Beati
1136 3739 1490 3811 Adalberti
1540 3740 1625 3809 de
1674 3740 1950 3812 Jaurino
1970 3791 1988 3825 ‚
2042 3741 2286 3828 Angeli
2334 3740 2644 3813 custodis

392 3845 696 3917 Ecclesie
729 3856 954 3919 nostre
973 3899 993 3935 ,
1044 3854 1110 3919 et
1140 3847 1429 3918 Emeriei
1461 3848 1929 3919 Archidiaconi
1961 3848 2440 3937 Musuniensis3
2487 3852 2649 3921 item

397 3954 706 4040 magistri
738 3954 858 4026 Osl
890 3956 1010 4043 filij
1034 3955 1154 4026 Osl
1183 3956 1376 4043 Bani,
1403 3954 1683 4025 Comitis
1714 3956 2020 4046 Dionysij
2053 3956 2174 4026 filii
2202 3955 2661 4027 Bartholomei-

399 4063 484 4131 de
516 4065 845 4149 Vezeken,
883 4062 1180 4150 Dionisij
1214 4063 1336 4133 filii
1367 4062 1691 4133 Gazmani
1720 4062 1803 4132 de
1834 4061 2202 4154 Gyrmolth,
2244 4083 2443 4153 super
2474 4065 2651 4135 facto

398 4171 850 4268 possessionis
879 4170 1172 4242 Ilmeuch
1199 4178 1436 4241 uocate
1464 4174 1533 4241 in
1554 4172 1889 4241 comitatu
1908 4173 2347 4259 supruniensi
2367 4172 2653 4242 existen-

400 4279 493 4349 tis
512 4330 531 4366 ,
567 4297 728 4363 quos
760 4282 1006 4366 probos
1033 4278 1215 4349 viros
1239 4286 1472 4367 partes
1504 4280 1936 4349 communiter
1968 4280 2405 4365 adduxerant,
2443 4282 2510 4349 in
2541 4282 2656 4349 hu-

405 4386 693 4464 iusmodi
723 4388 1144 4459 concordiam
1177 4389 1842 4478 seu-composicionis
1888 4392 2170 4459 formam
2201 4412 2276 4462 se
2309 4392 2661 4476 deuenisse

405 4495 819 4566 retulerunt:
854 4496 1044 4576 Quod
1073 4516 1161 4566 ne
1190 4498 1362 4568 inter
1391 4505 1624 4584 partes
1676 4497 1956 4569 ulterius
2001 4500 2351 4569 contencio
2399 4517 2660 4569 mouea-

407 4603 610 4672 turin
663 4604 848 4673 dicta
896 4607 1327 4694 possessione
1376 4607 1671 4675 Ilmeuch
1704 4610 1904 4678 talem
1947 4607 2338 4678 diuisionem
2390 4607 2562 4677 inter
2592 4627 2666 4679 se

408 4721 640 4798 partes
674 4708 970 4800 fecerint,
1002 4735 1122 4805 per
1156 4715 1511 4799 quamdam
1547 4717 1741 4802 viam,
1775 4736 1902 4801 que
1932 4716 2020 4785 ab
2053 4718 2304 4787 oriente
2339 4752 2424 4769 -
2455 4753 2546 4769 —-
2579 4751 2668 4767 —-
