3416 5313
1831 426 1965 493 ‘130

1842 1181 1946 1247 81.

789 1441 884 1506 Az
917 1439 1152 1525 crdc'lyi
1179 1436 1491 1524 kdptalan
1540 1434 2061 1523 bizonysdylevele
2083 1484 2101 1513 ,
2135 1435 2292 1521 hoqy
2324 1434 2514 1497 chces
2552 1432 2889 1496 birtoknak
2919 1431 3030 1495 Iza-

789 1540 1117 1634 tiirjdrdsa
1148 1547 1626 1632 meqtartatvdn‚
1666 1541 1899 1630 Alani,
1965 1541 2152 1628 Gyan
2183 1541 2287 1625 fia
2309 1591 2326 1624 ,
2365 1539 2608 1626 Gody‘m
2655 1540 3031 1605 birtokdban

1621 1651 1961 1739 haqyatott.
2014 1652 2209 1714 1295.

1006 1911 1144 1979 Nos
1164 1909 1535 1994 Capitulum
1555 1907 1863 1974 Albensis
1898 1904 2194 1971 Ecclesie
2228 1903 2419 1970 Beati
2450 1902 2788 1970 Michaelis
2824 1904 3029 1971 Arch-

795 2019 1015 2102 angeli
1049 2017 1653 2104 Transylvanensis
1707 2013 2149 2098 significamus
2186 2011 2529 2094 universiS,
2572 2012 2804 2094 quibus
2839 2033 3033 2100 expe-

797 2129 892 2195 dit
927 2128 1338 2213 presencium
1377 2146 1493 2210 per
1541 2130 1871 2209 tenorem,
1922 2122 2098 2204 quod
2148 2141 2292 2186 cum
2331 2121 2645 2206 magister
2693 2121 3032 2203 VinianuS‚

798 2238 1032 2303 Comes
1065 2235 1338 2303 Camere
1385 2232 1628 2300 domini
1659 2232 1863 2314 Regis
1918 2235 1983 2294 et
2016 2231 2100 2297 de
2132 2233 2500 2313 Beztercze,
2549 2249 2664 2314 per
2703 2229 3033 2296 dominum

797 2347 1040 2426 Regem
1073 2349 1456 2428 procurator
1488 2341 1929 2427 possessionis
1965 2338 2176 2406 Zekes
2211 2339 2567 2420 institutus,
2616 2338 2703 2403 ad
2736 2339 3034 2407 reambu-

805 2451 1068 2516 landum
1104 2458 1344 2516 terram
1379 2449 1612 2532 Zekes,
1664 2454 1859 2534 prout
1887 2447 2084 2516 moris
2118 2454 2220 2515 est
2249 2455 2447 2531 atque
2471 2449 2643 2533 juris
2664 2498 2680 2530 ,
2731 2468 2874 2514 cum
2926 2450 3038 2515 ho·

806 2559 977 2625 mine
1007 2559 1252 2626 domini
1301 2558 1501 2643 Regis
1554 2566 1622 2624 et
1651 2564 1880 2623 nostro
1914 2557 2329 2637 accessisset,
2380 2561 2442 2622 et
2474 2557 2806 2637 quandam
2837 2557 3039 2641 parti·

807 2670 1022 2734 culam
1054 2671 1225 2734 terre
1245 2667 1501 2752 Godym
1531 2674 1786 2751 vocate,
1826 2687 1952 2750 que
1976 2665 2334 2751 vulgariter
2366 2666 2802 2751 Ringylkirch
2833 2667 3037 2735 nomi·

805 2785 1015 2854 natur,
1047 2777 1132 2841 ad
1169 2780 1372 2861 ipsam
1404 2775 1898 2862 possessionem
1931 2776 2143 2842 Zekes
2192 2781 2499 2859 spectare
2532 2783 2909 2843 constanter
2940 2798 3034 2844 as-

807 2893 1070 2968 sereret,
1108 2887 1259 2968 quia
1292 2891 1511 2951 tamen
1547 2887 1781 2953 Comes
1823 2885 2130 2967 Alardus,
2155 2883 2419 2967 juvenis
2452 2883 2625 2950 filius
2668 2886 2906 2971 Gyaan
2956 2888 3038 2951 de

810 2994 1133 3079 Vizakna‚
1166 2993 1465 3060 dominus
1498 2991 1932 3078 possessionis
1984 2991 2361 3075 supradicte
2412 2991 2673 3076 Godym
2712 2992 3039 3077 videlicet,

806 3103 919 3186 qui
948 3102 1139 3169 titulo
1189 3103 1481 3168 emtionis
1513 3103 1811 3188 possedit
1842 3120 2046 3184 usque
2078 3100 2297 3178 modo,
2330 3101 2874 3182 quemadmodum
2917 3121 3040 3168 sua

808 3229 1006 3299 super
1037 3211 1161 3276 hoc
1200 3209 1491 3277 exhibita
1528 3212 1812 3295 probant
1862 3209 2283 3285 munimenta,
2336 3208 2551 3275 eidem
2601 3210 2779 3277 circa
2828 3217 3040 3277 metas

813 3304 1136 3405 particule
1167 3326 1340 3386 terre
1371 3320 1696 3403 prelibato
1730 3306 2144 3385 contradixit.
2180 3318 2314 3384 Sed
2346 3339 2544 3400 quum
2574 3339 2705 3385 non
2738 3319 3043 3386 obstante

813 3407 1339 3494 contradiccione
1371 3426 1762 3512 hujusmodi,
1804 3426 1949 3512 ipse
1979 3426 2293 3512 magister
2338 3425 2647 3495 Vinianus
2681 3447 2879 3512 super
2898 3427 3045 3514 ipsa

813 3554 957 3601 eum
992 3535 1412 3620 possessione
1443 3535 1719 3621 pacifice
1751 3556 2089 3604 remanere
2135 3557 2267 3602 non
2299 3536 2579 3621 sinebat,
2611 3539 2878 3604 tandem
2907 3536 3044 3603 tale

814 3644 1173 3712 remedium
1206 3643 1428 3731 probis
1447 3646 1606 3712 viris
1641 3645 2229 3713 intervenientibus
2252 3653 2353 3712 est
2387 3649 2740 3729 inventum,
2773 3654 2844 3715 ut
2872 3646 3042 3713 idem

814 3752 1095 3820 Alardus
1127 3753 1383 3819 domino
1415 3754 1579 3840 Regi
1612 3761 1677 3819 et
1710 3755 1845 3820 suis
1880 3755 2372 3840 adherentibus,
2410 3755 2725 3842 precipue
2764 3756 2892 3839 ipsi
2914 3775 3042 3822 ma-

815 3862 1018 3948 gistro
1049 3861 1354 3945 Viniano,
1393 3882 1581 3927 omne
1630 3862 1973 3933 fidelitatis
2008 3865 2393 3947 obsequium
2428 3863 2885 3950 repromittat3
2918 3886 3043 3948 quo

815 3970 992 4036 facto
1023 3972 1339 4055 magister
1392 3968 1708 4039 Vinianus
1744 3973 2120 4059 sepedictus
2172 3973 2513 4042 confessus
2549 3980 2651 4041 est
2682 3993 2902 4040 coram
2934 3996 3044 4041 no-

818 4079 922 4146 bis
955 4077 1040 4145 ab
1070 4079 1550 4162 inquietacione
1591 4081 1824 4148 Alardi
1856 4081 2140 4167 sepefati
2190 4083 2449 4151 omnino
2484 4100 2765 4166 cessare,
2802 4089 2865 4150 et
2898 4104 3046 4150 eum

817 4187 885 4252 in
916 4187 1188 4273 pacifica
1217 4189 1639 4274 possessione
1670 4188 1877 4275 ipsius
1909 4198 2084 4260 terre
2119 4192 2380 4277 Godym
2411 4213 2750 4261 reservare
2776 4193 2898 4259 sub
2930 4195 3048 4260 eis-

821 4299 965 4364 dem
1016 4297 1208 4363 metis
1277 4304 1341 4363 et
1372 4299 1664 4364 terminis
1687 4350 1706 4384 ,
1748 4301 1982 4382 quibus
2039 4300 2186 4387 ipse
2204 4350 2223 4384 ‚
2275 4309 2338 4365 et
2392 4302 2898 4385 predecessores
2949 4302 3050 4368 sui

818 4414 1174 4475 noscuntur
1195 4404 1574 4491 possedisse
1608 4409 1853 4473 tamdiu
1875 4457 1894 4491 ‚
1929 4408 2141 4475 donec
2172 4406 2333 4474 fines
2366 4410 2870 4493 promissionum
2903 4430 3048 4476 sua-

820 4538 960 4583 rum
991 4534 1211 4583 coram
1260 4514 1446 4581 nobis
1478 4515 1801 4582 factarum
1834 4535 1965 4582 non
1998 4516 2293 4582 excedet.
2347 4517 2424 4581 In
2457 4519 2639 4603 cujus
2671 4519 2766 4584 rei
2814 4537 3046 4584 memo-

819 4627 982 4692 riam
1014 4629 1079 4689 et
1107 4622 1280 4690 facte
1314 4623 1749 4690 ordinacionis
1785 4625 2171 4708 firmitatem,
2205 4624 2291 4691 ad
2323 4625 2715 4693 instanciam
2756 4628 3045 4712 parcium

824 4742 1080 4801 nostras
1121 4732 1564 4798 concessimus
1597 4731 1856 4816 literas,
1909 4733 2131 4815 sigillo
2182 4739 2404 4801 nostro
2438 4735 2883 4819 consignatas.
2923 4734 3048 4797 Da-
