3416 5313
1455 353 1553 431 st

370 558 434 622 et
458 551 790 637 Johauem
823 552 1093 623 fratrem
1141 570 1329 623 suum
1380 572 1459 621 ac
1511 552 1800 623 eiusdem
1847 551 2124 624 heredes
2174 552 2260 622 ab
2312 551 2615 622 omnibus

366 664 733 748 inquietare
768 672 834 731 et
882 662 1241 732 molestare
1293 662 1668 732 volent-ibus
1713 661 2022 750 expedire
2072 662 2360 749 propriis
2392 681 2611 732 eorum

367 773 708 842 laboribus
742 778 807 838 et
855 772 1181 860 expensis.
1229 770 1303 838 In
1356 771 1546 858 cujus
1593 771 1690 837 rei
1723 772 2101 839 memoriam
2134 777 2328 856 atque
2361 770 2614 839 uberio-

369 903 509 950 rem
537 882 858 949 cautelam
893 888 1235 969 presentes
1267 879 1710 949 concessimus
1744 879 2000 947 litteras
2032 878 2235 968 sigilli
2266 881 2474 948 nostri
2506 899 2617 947 au-

371 991 642 1058 thentici
693 991 1042 1058 munimine
1076 990 1440 1058 roboratas.
1483 989 1728 1056 Datum
1761 987 1827 1054 in
1861 989 2111 1057 octavis
2143 988 2332 1058 Beati
2364 989 2613 1056 Micha-

370 1101 491 1168 elis
526 1100 950 1187 Archangeli,
972 1098 1259 1169 secundo
1280 1097 1510 1165 Nonas
1533 1096 1845 1167 Octobris
1879 1119 2051 1168 anno
2072 1098 2337 1167 Domini
2354 1099 2456 1166 M⁰
2476 1098 2615 1168 00⁰

368 1209 801 1295 nonagesimo
842 1210 1067 1275 tercio.

743 1440 1036 1515 (Eredetie
1065 1462 1100 1501 a
1127 1443 1449 1516 veszpremi
1474 1442 1763 1515 kaptalan
1788 1438 2236 1513 leveltaraban.)

1218 1781 1756 1791 ————-——-—-—--—-—

1417 2401 1540 2470 60.

366 2661 550 2725 Mate
576 2656 816 2742 kircilyi
837 2653 1348 2742 fo'lovdszmester
1367 2654 1724 2740 spozsonyi
1741 2652 2044 2741 Ῑὸἰεράπ,
2079 2658 2140 2720 6⁸
2161 2652 2336 2722 Chdk
2354 2653 2479 2720 loir.
2499 2652 2609 2740 fc'a'-

350 2767 741 2854 fequemt'ik
788 2787 832 2828 a
874 2764 1169 2851 pozsonyi
1204 2762 1594 2847 polqdrokat
1642 2763 1891 2848 nehdny
1919 2763 2157 2851 joyaik
2204 2762 2610 2851 qyakorlatd·

973 2872 1095 2937 ban
1125 2870 1503 2957 biztositjdk.
1556 2872 1753 2938 1293.
1802 2870 2007 2935 Ιοόνίίί.

580 3124 916 3195 Vniuersis
950 3124 1198 3192 Christi
1222 3122 1531 3190 fidelibus
1551 3129 1893 3208 presentes
1927 3120 2186 3191 litteras
2219 3124 2610 3210 inspecturis

362 3237 660 3307 Matbeus
692 3237 1090 3319 Agasonum,
1126 3232 1367 3301 Comes
1418 3231 1861 3314 Posoniensis,
1915 3238 1982 3299 et
2014 3232 2247 3300 Chaak
2281 3231 2610 3301 Ensifero-

360 3369 500 3416 rum
531 3343 836 3429 Magistri
870 3341 1115 3408 domini
1146 3342 1347 3426 Regis
1371 3392 1390 3427 ,
1442 3340 1721 3408 salutem
1774 3341 1840 3405 in
1872 3339 2176 3408 Domino.
2209 3339 2316 3408 Ad
2351 3343 2608 3407 uniuer-

363 3476 586 3523 sorum
618 3453 931 3519 noticiam
979 3460 1207 3519 tenore
1240 3451 1652 3535 presencium
1706 3451 2006 3517 volumus
2035 3450 2398 3538 peruenire,
2433 3450 2609 3535 quod

364 3586 488 3632 nos
528 3562 813 3651 judicem
867 3567 935 3626 et
978 3562 1326 3629 uniuersos
1359 3562 1739 3627 coniuratos
1774 3580 1851 3626 ac
1892 3561 2070 3627 ciues
2105 3560 2189 3626 de
2222 3561 2509 3627 Posonio
2541 3560 2609 3627 in

362 3675 643 3761 propriis
676 3672 936 3756 legibus
988 3671 1344 3738 eorundem
1379 3676 1445 3736 et
1477 3668 1732 3735 iuribus
1761 3721 1779 3755 ,
1831 3688 1946 3752 per
1976 3668 2606 3736 Excellentissimum

363 3782 696 3850 dominum
748 3785 1039 3845 nostrum
1096 3777 1427 3845 Andream
1494 3777 1620 3843 Dei
1670 3775 1901 3862 gracia
1964 3777 2292 3844 Illustrem
2354 3779 2603 3862 Regem

361 3891 699 3977 Hungarie
732 3887 979 3955 eisdem
1012 3887 1374 3970 concessis,
1409 3885 1740 3952 mediante
1763 3883 1896 3951 fide
1929 3890 2160 3952 nostra
2189 3885 2603 3970 promisimus

361 4008 425 4067 et
456 3997 894 4084 promittimus
947 4012 1358 4079 conseruare,
1391 3992 1697 4059 vniuersa
1750 3992 1893 4059 iura
1930 3990 1997 4058 in
2048 3992 2316 4077 nauigio
2365 3997 2597 4078 portus

360 4106 643 4175 Pernald
677 4127 819 4173 cum
853 4104 1073 4171 nautis
1125 4110 1191 4169 et
1221 4102 1502 4169 nauibus
1543 4104 1684 4169 siue
1721 4100 1962 4167 carinis
1994 4108 2196 4185 atque
2231 4103 2462 4185 quouis
2495 4103 2600 4167 tri-

359 4220 542 4299 buto,
574 4222 638 4281 et
658 4214 946 4281 thelonio
965 4213 1030 4281 in
1055 4211 1339 4296 quadam
1362 4211 1784 4297 possessione
1806 4208 2062 4295 Zeplak
2087 4216 2342 4298 vocata,
2370 4220 2437 4277 et
2459 4210 2602 4292 qui-

356 4325 648 4392 buslibet
677 4322 1073 4390 utilitatibus
1107 4320 1397 4390 eiusdem
1433 4318 1896 4407 possessionis,
1923 4316 2166 4387 eisdem
2201 4318 2455 4388 ciuibus
2486 4339 2601 4404 pa-

360 4434 547 4501 cifice
577 4431 1039 4517 permittendo.
1073 4431 1162 4499 Ut
1210 4437 1427 4499 autem
1462 4429 1661 4514 ijdem
1695 4427 1777 4493 de
1815 4426 2188 4495 huiusmodi
2221 4429 2598 4514 promissio-

358 4541 548 4609 nibus
597 4541 836 4607 nostris
884 4539 1247 4607 reddantur
1279 4540 1591 4604 certiores
1625 4537 1713 4605 ad
1742 4536 1939 4604 robur
1975 4537 2183 4621 ipsius
2217 4539 2599 4622 pleniorem-

361 4670 486 4736 que
520 4650 894 4718 firmitatem
932 4654 1271 4734 presentes
1302 4647 1557 4714 litteras
1590 4650 1855 4714 nostras
1890 4645 2131 4713 eisdem
2159 4645 2598 4714 concessimus
