3416 5313
1807 331 1940 401 212

742 560 868 609 nec
898 557 1027 607 non
1058 531 1632 625 prosecutionibus
1665 537 1732 598 et
1769 529 2199 619 processibus
2230 524 2477 596 habitis
2510 543 2710 611 super
2741 523 2861 609 eis,
2882 527 3002 595 aut

743 644 801 714 si
819 645 1147 728 aliquibus
1167 643 1633 725 cuiuscumque
1651 636 2025 720 eminentie,
2061 632 2326 718 ordinis,
2350 630 2745 700 conditionis
2779 638 2849 699 et
2867 640 2997 699 sta-

745 764 850 822 tus
884 753 1319 823 ecclesiastici
1370 751 1478 820 vel
1512 747 1844 830 mundani,
1881 745 2079 812 etiam
2133 742 2194 812 si
2225 739 2563 829 Imperiali
2613 748 2731 807 aut
2759 742 3002 826 Regali

748 861 1069 950 dignitate
1100 863 1542 948 prefulgeant,
1582 876 1624 923 a
1654 855 1919 945 prefata
1954 852 2128 922 Sede
2160 850 2483 918 indultum
2517 849 2785 932 existat,
2821 846 3006 931 quod

749 970 1322 1054 excommunicari,
1348 965 1661 1053 suspendi
1679 964 1784 1032 vel
1807 961 2115 1028 interdici
2147 981 2282 1028 non
2313 959 2564 1044 possint
2594 977 2713 1043 per
2743 957 3006 1023 litteras

750 1078 1191 1164 Apostolicas,
1224 1075 1716 1145 non-facientes
1749 1072 2013 1158 plenam
2048 1077 2114 1138 et
2133 1087 2543 1155 expressam,
2578 1086 2658 1133 ac
2696 1065 2778 1132 de
2804 1063 3010 1132 verbo

751 1187 838 1256 ad
872 1187 1141 1254 verbum
1193 1186 1276 1253 de
1306 1183 1557 1252 indulto
1608 1179 1984 1250 huiusmodi
2037 1178 2144 1246 vel
2176 1197 2401 1246 eorum
2450 1173 2796 1262 personis,
2836 1169 3007 1239 locis

752 1301 871 1361 aut
902 1294 1243 1362 ordinibus
1295 1294 1731 1377 mentionem,
1771 1309 1889 1360 seu
1922 1286 2220 1373 qualibet
2273 1285 2411 1353 alia
2462 1283 2640 1352 dicte
2682 1281 2876 1351 Sedis
2910 1280 3009 1346 in-

754 1403 1093 1487 dulgentia
1123 1401 1421 1486 generali
1442 1402 1549 1469 vel
1573 1396 1877 1485 speciali,
1911 1395 2037 1465 sub
2070 1411 2455 1479 quacunque
2476 1389 2687 1459 forma
2717 1390 2825 1462 vel
2859 1408 3011 1457 con-

755 1513 1059 1598 ceptione
1109 1512 1453 1580 verborum
1486 1508 1573 1576 ab
1623 1508 1858 1576 eadem
1891 1506 2069 1574 Sede
2101 1523 2441 1587 concessa,
2467 1522 2590 1590 per
2622 1518 2817 1585 quam
2864 1517 3013 1585 pre·

757 1618 1052 1687 sentibus
1072 1640 1206 1688 non
1240 1637 1625 1705 expressam
1657 1618 1764 1686 vel
1794 1615 2093 1685 totaliter
2121 1631 2250 1679 non
2288 1612 2629 1695 insertam,
2664 1627 2888 1676 earum
2921 1606 3016 1674 ef·

758 1729 968 1798 fectus
999 1725 1308 1813 impediri
1329 1727 1555 1794 valeat
1584 1725 1691 1794 vel
1726 1722 1998 1808 differri,
2032 1729 2099 1789 et
2129 1722 2215 1791 de
2247 1719 2484 1804 quibus
2518 1736 2884 1803 quorumve
2916 1721 3016 1785 to·

760 1840 845 1906 tis
875 1835 1217 1907 tenoribus
1250 1836 1336 1903 de
1368 1835 1567 1904 verbo
1602 1834 1692 1902 ad
1725 1833 1993 1900 verbum
2030 1836 2233 1917 certa,
2270 1829 2607 1916 specialis,
2640 1828 2864 1913 plena,
2901 1824 3016 1892 de-

759 1947 1117 2016 terminata
1154 1950 1218 2011 et
1253 1962 1574 2029 expressa
1604 1942 1671 2008 in
1705 1941 1956 2009 nostris
1987 1939 2231 2007 litteris
2265 1937 2513 2007 mentio
2546 1929 2636 2006 s'it
2682 1932 3019 2003 habenda.

758 2058 1006 2124 Datum
1054 2053 1370 2122 Laterani
1420 2053 1500 2118 V.
1550 2047 1880 2119 kalendas
1913 2046 2296 2134 Februarii,
2347 2045 2774 2114 Pontificatus
2806 2040 3019 2111 nostri

763 2182 947 2233 anno
972 2161 1224 2249 quinto.
1697 2150 1700 2153 ’

978 2272 1056 2338 In
1108 2290 1165 2338 e.
1218 2291 1301 2337 m.
1336 2269 1595 2338 dilectis
1626 2266 1785 2335 filiis
1817 2266 2121 2352 capitulo
2171 2264 2472 2334 Ecclesie
2523 2259 3017 2349 Strigoniensis.

764 2377 1237 2447 Preteritorum
1290 2375 1606 2446 exhibitio
1659 2381 1784 2443 etc.
1837 2380 1908 2442 ut
1937 2373 2005 2441 in
2036 2372 2422 2462 precedenti
2451 2373 2754 2456 proxima
2801 2368 3026 2439 verbis

769 2492 1216 2573 competenter
1246 2486 1515 2553 mutatis
1537 2536 1557 2572 ,
1589 2504 1799 2569 usque
1832 2492 2014 2552 esset
2042 2483 2374 2550 habenda.
2410 2479 2734 2560 Quocirca
2768 2479 3029 2546 univer·

768 2595 952 2662 sitati
972 2603 1191 2665 vestre
1210 2615 1329 2681 per
1347 2595 1399 2663 A
1406 2595 1733 2681 postolica
1753 2594 2003 2679 scripta
2023 2591 2438 2677 mandamus,
2461 2597 2785 2675 quatenus
2807 2586 3025 2655 eidem

775 2704 1099 2789 Gregorio
1131 2713 1441 2787 tanquam
1479 2702 1904 2771 Procuratori
1937 2703 2111 2769 dicte
2145 2698 2616 2784 strigoniensis
2651 2696 2954 2766 Ecclesie
2986 2716 3031 2763 a

769 2812 984 2891 nobis,
1018 2817 1091 2880 ut
1129 2811 1505 2899 predicitur,
1539 2810 1867 2895 ordinate,
1901 2810 2217 2896 quamdiu
2249 2807 2786 2894 procurationem
2817 2809 2884 2871 et
2916 2801 3031 2871 ad-

772 2920 1324 2990 ministrationem
1355 2920 1563 3008 ipsius
1596 2922 1900 3007 gesserit,
1946 2919 2284 2986 humiliter
2315 2916 2755 2999 intendentes,
2790 2932 2871 2979 ac
2921 2933 3033 2979 ex·

773 3029 1081 3099 hibentes
1114 3030 1177 3097 ei
1206 3028 1649 3097 obedientiam
1700 3036 1768 3097 et
1797 3026 2229 3095 reverentiam
2263 3025 2555 3093 debitam
2605 3029 2672 3090 et
2702 3022 3031 3103 devotam,

778 3135 920 3203 eius
952 3134 1251 3203 salubria
1286 3137 1532 3203 monita
1572 3140 1638 3199 et
1658 3133 1975 3201 mandata
1999 3133 2382 3218 suscipiatis
2414 3132 2670 3216 devote,
2705 3149 2783 3197 ac
2816 3130 3036 3196 effica-

779 3245 943 3313 citer
985 3241 1353 3328 adimplere
1386 3245 1628 3310 curetis
1663 3265 1678 3307 ε
1731 3242 2024 3328 alioquin
2056 3239 2471 3327 sententiam,
2513 3260 2711 3324 quam
2742 3235 2923 3307 idem
2955 3236 3033 3303 G.

774 3352 903 3420 rite
934 3350 1155 3417 tulerit
1187 3349 1255 3415 in
1287 3351 1591 3435 rebelieS,
1613 3357 1827 3419 ratam
1844 3348 2257 3433 habebimus,
2292 3357 2359 3420 et
2388 3350 2729 3432 faciemus,
2763 3351 3035 3417 auctore

779 3458 1063 3529 Domino
1084 3507 1104 3538 ,
1155 3478 1366 3544 usque
1400 3459 1484 3525 ad
1538 3457 2063 3527 satisfactionem
2118 3459 2514 3545 condignam
2560 3452 3036 3525 inviolabiliter

782 3567 1143 3647 observari,
1174 3568 1420 3635 Datum
1452 3568 1767 3636 Laterani
1799 3569 1877 3635 V.
1925 3569 2254 3635 kalendas
2288 3567 2654 3653 Februarii,
2688 3562 3034 3631 Pontifica-

778 3683 885 3745 tus
916 3674 1125 3744 nostri
1157 3693 1330 3742 anno
1364 3677 1609 3759 quinto.

999 3783 1074 3849 In
1132 3801 1187 3848 e.
1221 3803 1304 3847 m.
1339 3782 1531 3851 Glero
1564 3783 1870 3852 Civitatis
1905 3793 1970 3851 et
2001 3786 2307 3854 Diocesis
2348 3782 2837 3870 Strigoniensis.

1005 3889 1081 3955 In
1134 3908 1189 3955 e.
1225 3911 1307 3957 m.
1340 3888 1601 3961 dilectis
1634 3893 1790 3961 filiis
1822 3897 2073 3980 populo
2109 3894 2410 3963 Civitatis
2445 3901 2511 3963 et
2539 3889 2845 3960 Diocesis
2880 3889 3040 3957 Stri-

790 3996 1150 4084 goniensis.
1185 4002 1647 4070 Preteritorum
1700 4003 2020 4073 exhibitio
2054 4013 2176 4073 etc.
2213 4012 2283 4072 ut
2315 4006 2380 4071 in
2418 4000 2805 4091 precedenti
2833 4015 3043 4081 usque

785 4106 1030 4174 mentio
1051 4107 1138 4176 sit
1154 4107 1489 4177 habenda.
1512 4110 1835 4190 Quocirca
1857 4113 2266 4182 universitati
2285 4122 2508 4183 vestre
2527 4132 2643 4199 per
2652 4101 3045 4195 Apostolica

789 4213 1041 4299 scripta
1080 4216 1468 4285 mandamus
1491 4224 1859 4302 quantenus
1880 4221 2159 4290 eundem
2193 4223 2270 4292 G.
2305 4230 2624 4309 tanquam
2655 4227 3049 4295 Procurato-

789 4340 933 4390 rem
964 4320 1141 4391 dicte
1161 4325 1635 4409 strigoniensis
1657 4329 1962 4397 Ecclesie
1981 4349 2024 4395 a
2043 4330 2254 4414 nobis,
2275 4337 2347 4398 ut
2365 4334 2743 4422 predicitur,
2766 4335 3042 4405 ordina-

788 4436 949 4514 tum,
973 4430 1287 4514 quamdiu
1306 4436 1833 4519 procurationem
1853 4443 1918 4504 et
1939 4421 2579 4510 administrationem
2601 4443 2808 4529 ipsius
2828 4463 3048 4531 gesse-

783 4538 890 4661 rit,
920 4538 1322 4621 recipientes
1356 4541 1597 4612 devote
1646 4551 1713 4614 et
1744 4543 1984 4614 devota
2017 4546 2519 4619 honorificentia
2551 4559 3047 4639 prosequentes,

790 4646 1003 4733 ipsius
1055 4648 1321 4718 monitis
1373 4659 1438 4717 et
1489 4653 1818 4722 mandatis
1869 4657 2251 4726 salubribus
2285 4658 2619 4727 humiliter
2664 4660 3049 4731 intendatis.
