3416 5313
1725 590 1752 599 μ
1850 458 1947 600 f⁶2
1983 598 2040 602 ,-

767 718 909 768 mus
961 695 1190 766 merito
1239 695 1473 780 Regali
1516 700 1782 784 gracia,
1831 700 2068 769 fauore
2115 708 2182 769 et
2224 697 2579 771 donatione
2619 699 3027 788 amplexari,

766 809 848 877 ob
881 807 1240 875 remedium
1259 807 1476 873 anime
1495 815 1721 875 nostre
1755 814 1821 874 et
1842 828 2028 893 spem
2062 809 2275 877 future
2302 810 2643 877 felicitatis
2678 810 3022 893 quandam-

763 926 1003 985 terram
1036 915 1553 987 wduornicorum
1584 922 1955 986 nostrorum
1988 919 2276 1007 Thoyon
2330 930 2626 987 vocatam
2661 919 2843 986 iuxta
2877 919 3012 985 Ba-

762 1024 1032 1092 latinum
1069 1023 1136 1089 in
1187 1021 1506 1090 comitatu
1544 1022 1930 1092 Zaladiensi
1964 1027 2374 1108 existentem,
2436 1047 2578 1095 cum
2632 1026 3018 1095 vduornicis

762 1134 1002 1202 nostris
1037 1152 1232 1219 super
1264 1129 1496 1200 eadem
1530 1132 1971 1202 residentibus
2006 1135 2197 1204 Boda
2232 1135 2562 1219 videlicet,
2585 1135 2831 1222 Zobou,
2853 1136 3014 1204 Cra-

761 1241 994 1330 chy'no,
1030 1241 1330 1327 Georgio,
1370 1241 1793 1328 Sebastiano,
1827 1241 2177 1328 Ladislao,
2207 1244 2590 1328 'Dominic0,
2626 1246 3016 1332 ScemeynO,

759 1350 1040 1419 Matthia
1073 1355 1139 1420 et
1169 1352 1361 1418 Petro
1394 1371 1532 1418 cum
1555 1350 1693 1417 suis
1729 1351 2091 1419 heredibus
2120 1352 2559 1437 heredumque
2583 1373 2844 1421 suorum
2862 1372 3013 1420 suc·
3053 1356 3058 1361 ’

762 1459 1157 1544 cessoribus,
1191 1476 1354 1541 quos
1405 1458 1662 1541 quidem
1702 1459 2109 1529 vduornicos
2145 1461 2442 1529 dominus
2477 1464 2617 1529 Rex
2652 1463 2817 1529 Bela
2846 1481 3014 1530 auus

759 1573 981 1635 noster
1015 1568 1191 1634 clare
1225 1565 1531 1632 memorie
1566 1566 1649 1634 de
1681 1567 2141 1636 castrensibus
2174 1570 2379 1635 castri
2411 1570 2915 1654 vesprimiensis
2936 1571 3010 1635 in

760 1675 1204 1742 condicionem
1236 1674 1745 1742 vduornicorum
1780 1677 2232 1761 transtulerat,
2256 1677 2320 1743 in
2354 1677 2592 1744 eadem
2626 1678 3014 1745 condicione
3121 1683 3126 1686 ’

759 1804 890 1867 qua
922 1783 1500 1869 predecessoribus
1551 1784 1798 1852 nostris
1834 1784 2045 1870 ijdem
2080 1785 2439 1853 wduornici
2482 1789 2861 1871 seruierunt,
2894 1787 3013 1854 de-

759 1894 989 1975 dimus,
1026 1892 1416 1959 donauimus
1450 1895 1517 1957 et
1559 1891 1953 1959 contulimus
1994 1892 2120 1978 ipsi
2154 1893 2551 1959 monasterio
2605 1894 2795 1963 Beati
2825 1895 3001 1960 Mau·

760 2001 902 2068 ricii
937 2000 1022 2068 de
1053 2001 1212 2069 Beel
1244 1999 1364 2067 sub
1398 1998 1642 2068 eisdem
1674 2001 1896 2088 metis,
1932 1999 2226 2070 terminis
2261 2009 2327 2068 et
2359 2002 2677 2070 limitibus
2697 2052 2715 2086 ,
2772 2003 3011 2084 quibus

756 2103 902 2195 i‘psa
933 2115 1109 2177 terra
1141 2108 1420 2194 'Phoyon
1473 2113 1771 2193 tempore
1803 2108 2018 2194 ipsius
2051 2110 2252 2194 Regis
2290 2109 2451 2176 Bele
2502 2129 2622 2196 per
2672 2111 3012 2196 predictos

753 2217 1167 2285 wduornicos
1197 2221 1462 2283 nostros
1516 2216 1818 2295 Bodam,
1852 2217 2083 2285 Zobou
2103 2267 2122 2303 ,
2154 2217 2546 2286 Crachinum
2573 2268 2591 2302 ,
2630 2219 3004 2303 Georgium,

757 2325 1138 2410 Gregorium
1153 2321 1839 2410 (igy),Sebastianum,
1853 2325 3006 2415 LadislauQDominicum‚Scemey·

759 2457 934 2518 num,
975 2434 1315 2502 Matthiam
1350 2441 1415 2500 et
1448 2435 1710 2499 Petrum
1743 2433 2000 2519 habita,
2025 2435 2300 2500 limitata
2332 2434 2548 2504 fuerat
2569 2443 2635 2502 et
2666 2455 3005 2522 possessa,

758 2551 826 2610 et
874 2542 1152 2611 eandem
1201 2549 1439 2609 terram
1491 2541 1770 2628 'Phoyon
1825 2561 1969 2609 cum
2009 2544 2310 2610 omnibns
2343 2543 2738 2611 vtilitatihus
2772 2545 2906 2615 suis
2942 2553 3010 2612 et

756 2651 1185 2742 pertinenciis
1217 2649 1543 2720 vniuersis
1575 2671 1662 2717 ac
1698 2671 1844 2718 cum
1877 2652 2276 2721 wduornicis
2310 2653 2554 2721 nostris
2588 2653 3004 2737 prenomina-

757 2764 864 2847 tis,
896 2763 1025 2828 iam
1059 2760 1235 2827 dicto
1270 2760 1670 2836 monasterio
1704 2768 1932 2828 nostro
1965 2760 2049 2829 de
2080 2763 2237 2830 Beel
2272 2782 2387 2849 per
2421 2763 2804 2847 magistrum
2838 2766 3001 2830 Leu-

757 2870 1055 2939 rentham
1080 2868 1392 2935 Comitem
1417 2867 1980 2956 Vesprimiensem
2003 2871 2314 2938 dilectum
2336 2878 2404 2936 et
2422 2872 2685 2938 fidelem
2713 2878 3005 2940 nostrum

756 2979 1026 3048 fecimus
1060 2978 1404 3063 assignari.
1438 2968 1530 3045 Vt
1561 2979 1761 3064 igitur
1782 2979 1975 3045 huius
2007 2986 2233 3048 nostre
2270 2978 2661 3048 donacionis
2681 2980 2883 3048 series
2903 2999 3004 3046 ro-

668 3095 678 3104 ·
757 3089 879 3154 bur
928 3086 1225 3154 obtineat
1275 3093 1593 3171 perpetue
1644 3085 1976 3153 firmitatis
1996 3135 2012 3167 ,
2083 3105 2203 3153 nec
2267 3106 2583 3173 processu
2637 3094 3001 3173 temporum

756 3215 871 3282 per
921 3194 1292 3278 quempiam
1342 3212 1791 3263 successorum
1828 3201 2197 3261 nostrorum
2255 3196 2482 3263 valeat
2513 3197 2857 3263 retractari
2896 3197 3003 3261 vel

753 3306 824 3371 in
857 3303 1106 3368 irritum
1140 3302 1564 3387 aliquatenus
1597 3304 1918 3385 reuocari,
1958 3309 2305 3388 presentes
2337 3303 2552 3370 eidem
2600 3305 3001 3372 monasterio

759 3412 984 3481 Sancti
1015 3410 1308 3479 Mauricii
1330 3412 1777 3480 concessimus
1809 3412 2075 3480 litteras
2098 3412 2383 3497 duplicis
2405 3412 2611 3495 sigilli
2643 3411 2850 3480 nostri
2870 3431 3002 3477 mu-

757 3521 1002 3589 nimine
1051 3520 1413 3589 roboratas.
1469 3518 1719 3586 Datum
1756 3540 1877 3606 per
1908 3540 2145 3587 manus
2197 3519 2599 3588 venerabilis
2650 3520 2770 3585 viri
2804 3518 3005 3604 magi·

758 3630 878 3698 stri
899 3628 1220 3697 Theodori
1232 3627 1544 3695 Albensis
1563 3626 1868 3695 Ecclesie
1888 3628 2217 3712 Prepositi
2237 3629 2389 3695 aule
2411 3632 2633 3695 nostre
2645 3627 3005 3695 Viec-Oan-

760 3737 1016 3806 cellarii
1047 3735 1272 3803 dilecti
1305 3743 1369 3801 et
1399 3732 1616 3801 fidelis
1649 3734 1861 3802 nostri
1888 3753 2063 3803 anno
2121 3734 2386 3802 Domini
2417 3734 2515 3799 Μ’
2547 3732 2689 3803 GO⁰
2718 3753 3004 3818 nonage-

759 3847 923 3913 simo
957 3845 1246 3913 secundo
1278 3843 1625 3912 vndecimo
1644 3842 1976 3911 kalendas
2009 3842 2355 3910 Februarii
2385 3842 2602 3927 Regni
2633 3848 2854 3910 autem
2885 3862 3001 3909 no·

761 3954 880 4021 stri
913 3973 1087 4021 anno
1121 3952 1434 4024 secundo.

1092 4146 1387 4216 (Eredetie
1415 4165 1452 4204 a
1477 4164 1562 4205 εκ.
1589 4145 1836 4205 martoni
1860 4143 2173 4217 f6apatsdg
2208 4142 2659 4217 levdltarntban.)
