3416 5313
1763 914 1778 925 ’
1842 953 1994 1016 164.

807 1151 995 1215 Miko'
1021 1153 1214 1215 Detrc
1230 1152 1334 1236 fia
1366 1174 1478 1236 093!
1526 1153 1796 1235 re'szrb'l,
1847 1150 2098 1213 Edeuch
2131 1142 2192 1212 ἑὲ
2241 1147 2479 1212 Berkes
2530 1147 2732 1210 Dones
2747 1145 2879 1228 fiai
2920 1147 3057 1207 ‘md-3

803 1260 1037 1323 rdszro'l
1058 1309 1077 1345 ,
1109 1259 1346 1345 acmely
1396 1259 1627 1324 biv-tolca·
1656 1259 1891 1344 joqaik
1942 1260 2114 1321 irdnt
2166 1281 2207 1320 ιι
2239 1257 2415 1319 vciczi
2445 1253 2757 1340 kdptalan
2787 1250 2935 1317 elim
2964 1251 3056 1314 υἰ-

1517 1369 1854 1431 szoncserdt
1885 1366 2127 1432 lob'tnek.
2164 1366 2357 1429 1300.

1635 1513 1691 1578 A
1906 1512 1958 1575 B
2176 1512 2226 1577 O

1015 1661 1387 1745 Capitulum
1410 1658 1707 1727 Ecclesie
1732 1658 2100 1725 Waciensis
2136 1656 2433 1722 omnibus
2466 1653 2709 1721 Christi
2742 1652 3052 1720 fidelibus

803 1776 1144 1855 presentes
1196 1769 1449 1836 litteras
1501 1765 1890 1852 inspecturis
1941 1767 2213 1834 salutem
2249 1767 2312 1831 in
2354 1764 2639 1831 omnium
2691 1764 3051 1830 saluatore.

802 1879 904 1946 Ad
936 1878 1383 1945 vniuersorum
1440 1875 1750 1942 noticiam
1801 1885 1932 1942 tam
1984 1872 2385 1958 presencium
2441 1890 2635 1954 quam
2687 1871 3052 1938 futurorum

800 1988 1031 2055 harum
1081 1985 1249 2051 serie
1302 1987 1599 2052 volumus
1653 1984 2038 2069 peruenire,
2092 1982 2270 2065 quod
2321 1982 2551 2048 Comes
2588 1982 2833 2066 Mykou
2876 1979 3051 2046 filius

801 2093 1054 2162 Detrici
1084 2094 1170 2159 ab
1223 2112 1349 2158 una
1383 2098 1593 2179 parte,
1629 2100 1696 2157 et
1728 2093 1962 2156 Comes
1994 2090 2261 2157 Edeuch
2295 2107 2373 2153 ac
2413 2088 2662 2154 Berkes
2695 2088 2810 2173 filij
2870 2087 3053 2174 Dyo-

796 2204 953 2289 nisij
989 2223 1069 2269 ex
1090 2204 1320 2284 altera,
1345 2221 1558 2268 coram
1593 2199 1779 2265 nobis
1798 2198 2228 2284 personaliter
2262 2203 2698 2281 conparentes
2733 2201 2799 2259 et
2830 2201 3053 2260 astan-

802 2318 939 2393 tes,
977 2310 1162 2376 iuxta
1193 2310 1672 2377 continenciam
1712 2308 2069 2375 litterarum
2103 2307 2569 2373 memorialium
2624 2304 2871 2371 domini
2922 2304 3051 2369 An-

801 2418 955 2484 dree
1005 2415 1130 2483 Dei
1164 2417 1392 2502 gracia
1425 2413 1622 2498 Regis
1655 2415 1994 2500 Hungarie
2020 2464 2036 2497 ,
2074 2419 2140 2480 et
2173 2435 2253 2480 ex
2287 2412 2719 2499 permissione
2761 2410 3053 2479 eiusdem

801 2525 1044 2590 domini
1065 2572 1082 2605 ,
1134 2543 1328 2608 super
1360 2521 1755 2605 quibusdam
1787 2523 1979 2588 terris
2013 2521 2151 2587 suis
2187 2520 2561 2587 huiusmodi
2611 2521 3053 2605 permutacio-

801 2651 948 2697 nem
983 2650 1102 2699 seu
1134 2630 1408 2697 formam
1444 2629 1814 2715 concambij
1868 2648 1939 2695 se
1972 2626 2212 2697 fecisse
2264 2628 2569 2697 dixerunt
2599 2627 2768 2694 inter
2818 2627 3053 2714 ipsos:

800 2743 995 2822 Quod
1027 2742 1324 2827 prefatus
1347 2740 1582 2808 Comes
1616 2740 1885 2805 Edeuch
1908 2746 1974 2806 et
2005 2741 2260 2807 Berkes
2296 2739 2496 2807 frater
2529 2758 2688 2805 suus
2723 2739 3058 2821 quandam

799 2861 1043 2920 terram
1098 2849 1516 2915 suam·Puch
1567 2856 1870 2916 uocatam
1906 2864 2033 2933 per'
2075 2849 2321 2915 dictum
2375 2846 2761 2935 Dyonisium
2792 2854 3060 2932 patrem

804 2962 1093 3046 ipsorum
1127 2960 1318 3025 titulo
1373 2957 1734 3042 empcionis
1787 2962 2220 3041 conparatam
2271 2957 2390 3024 sub
2445 2956 2691 3023 eisdem
2746 2956 3055 3022 terminis

801 3076 864 3133 et
896 3067 1406 3137 limitacionibus
1430 3117 1448 3152 ,
1507 3065 1744 3149 quibus
1777 3085 1893 3151 per
1928 3070 2188 3151 patrem
2229 3066 2519 3149 ipsorum
2555 3070 2621 3130 et
2672 3050 3059 3131 successiue

799 3196 917 3263 per
948 3178 1129 3264 ipsos
1164 3175 1396 3243 habita
1434 3176 1558 3242 fuit
1592 3181 1656 3240 et
1689 3194 2027 3258 possessa,
2072 3175 2297 3257 dedit,
2352 3173 2623 3240 tradidit
2674 3178 2738 3240 et
2779 3175 3057 3241 contulit

799 3284 1093 3368 prefecto
1127 3283 1362 3351 Comiti
1395 3283 1662 3368 Mykou‚
1701 3290 1768 3347 et
1799 3301 1915 3367 per
1967 3299 2114 3346 eum
2149 3282 2284 3348 suis
2334 3280 2687 3348 herclibus
2740 3283 2873 3347 iure
2908 3301 3054 3364 per·

800 3399 994 3476 petuo
1027 3390 1519 3475 possidendam.
1572 3395 1628 3458 E
1663 3409 1982 3456 conuerso
2033 3396 2252 3456 autem
2302 3389 2475 3456 idem
2509 3390 2743 3456 Comes
2795 3388 3044 3474 Mykou

799 3501 864 3564 in
898 3499 1349 3567 concambium
1382 3497 1557 3566 dicte
1608 3505 1780 3564 terre
1812 3498 1990 3564 Puch
2025 3497 2358 3581 quandam
2409 3504 2651 3564 terram
2685 3498 2817 3563 sibi
2852 3519 2891 3562 a
2924 3498 3053 3566 fra-

796 3609 1000 3677 tribus
1035 3609 1170 3675 suis
1224 3608 1381 3693 filijs
1415 3607 1687 3675 Comitis
1740 3611 1980 3694 Byter,
2033 3628 2073 3673 a
2121 3607 2395 3675 Nicolao
2450 3613 2514 3673 et
2565 3608 2841 3672 Iwanka
2891 3603 3051 3689 filijs

797 3716 982 3783 Iwan
1012 3716 1372 3783 secundum
1407 3714 1684 3782 formam
1734 3713 1893 3780 iuris
1917 3713 2313 3797 deuolutam,
2346 3714 2544 3782 Zeleu
2577 3720 2907 3795 vocatam,
2938 3733 3052 3780 su-

794 3821 1159 3909 peradditis
1210 3843 1325 3909 per
1376 3822 1591 3908 ipsum
1661 3821 1983 3888 Comitem
2033 3823 2283 3908 Mykou
2334 3823 2607 3908 triginta
2656 3824 2897 3891 marcis
2951 3842 3050 3888 ar-

796 3929 980 4015 genti
1015 3929 1524 3997 mercimonialis
1559 3929 1886 3995 Budensis
1919 3928 2131 3995 minus
2167 3930 2442 4016 duabus,
2477 3950 2645 4014 quas
2679 3931 2878 4015 ijdem
2919 3932 3052 3999 Co-

796 4055 937 4103 mes
971 4036 1242 4107 Edeuch
1275 4044 1342 4102 et
1375 4036 1624 4105 Berkes
1678 4039 1884 4104 frater
1916 4056 2077 4104 suus
2113 4057 2185 4105 se
2236 4044 2662 4106 asseruerunt
2695 4038 3049 4122 recepisse,

796 4144 1082 4211 vicinam
1115 4149 1181 4208 et
1235 4144 1610 4229 contiguam
1662 4145 1816 4212 ville
1867 4144 2166 4212 eiusdem
2201 4146 2470 4212 Comitis
2524 4147 2768 4230 Mykou
2802 4147 2886 4214 ab
2924 4166 3056 4213 una

731 4257 983 4336 ..parte
1015 4252 1228 4318 Bussa
1260 4258 1531 4328 vocate,
1586 4255 1672 4319 ab
1693 4240 1918 4318 ‘altera
1951 4270 2107 4318 uero
2143 4253 2679 4321 conterminalem
2727 4259 2895 4319 terre
2929 4261 3050 4320 Ar·

795 4357 1089 4425 chieatus
1124 4355 1297 4445 (igy)
1332 4358 1806 4444 Strigoniensis
1844 4360 2146 4427 similiter
2196 4360 2395 4428 Zeleu
2432 4367 2848 4447 nuncupate,
2901 4380 3048 4426 cum

795 4466 1090 4535 omnibus
1143 4464 1538 4532 utilitatibus
1572 4466 1717 4531 suis
1767 4487 1911 4533 cum
1945 4468 2227 4551 quadam
2268 4469 2591 4555 particula
2622 4475 2798 4537 terre
2834 4467 2916 4534 de
2950 4490 3049 4536 ea-

791 4575 937 4639 dem
969 4580 1145 4641 terra
1178 4578 1474 4641 extracta
1509 4595 1626 4659 per
1674 4576 1972 4658 prefatos
2009 4578 2353 4646 Nicolaum
2402 4586 2468 4644 et
2496 4580 2840 4647 Iwankam
2871 4578 3042 4644 filios

786 4680 990 4767 Iwan,
1025 4684 1177 4751 dum
1213 4683 1412 4767 inem
1445 4690 1686 4750 terram
1710 4686 1991 4757 eandem
2024 4686 2225 4760 Zeleu
2246 4692 2552 4756 vocatam
2584 4687 3057 4773 possidebant,
