3416 5313
1703 426 1832 495 148

1624 520 1693 527 ——-
1716 518 1934 528 —--—-.r--

1722 1098 1840 1167 Μ.

660 1291 797 1368 III.
829 1294 1046 1364 Endre
1072 1300 1289 1385 kin-<ily
1336 1292 1683 1383 bizonyitja
1702 1349 1723 1385 ‚
1774 1296 1934 1384 hoqy
1966 1285 2128 1384 qrdf
2163 1289 2414 1363 Januki
2459 1290 2676 1364 Jakab
2713 1319 2757 1361 a
2780 1317 2905 1383 po-

664 1410 880 1495 zsonyi
910 1406 1349 1495 kdptalannak
1382 1404 1842 1490 adomdnyozta
1872 1401 2153 1469 Chondol
2183 1407 2347 1470 nevil
2359 1408 2674 1494 jdszdydt.
2709 1404 2906 1469 1296.

875 1604 1178 1674 Andreas
1210 1601 1338 1671 Dei
1361 1602 1591 1688 gracia.
1611 1602 1920 1686 Vngarie,
1942 1603 2312 1689 Dalmacie,
2348 1603 2641 1689 Groacie,
2677 1605 2908 1685 Rame,

660 1712 909 1798 Seruie,
941 1713 1252 1799 Gallicie,
1281 1710 1688 1796 Lodomerie‚
1740 1711 2077 1797 Cumanie,
2115 1712 2561 1799 Bulgarieque
2592 1712 2735 1780 Rex
2765 1712 2911 1779 vni-

546 1851 552 1858 ·
662 1823 872 1891 uersis
904 1823 1142 1908 quibus
1174 1829 1516 1906 presentes
1567 1819 1998 1887 ostendentur
2029 1818 2305 1888 salutem
2343 1822 2412 1888 in
2446 1820 2681 1889 salutis
2713 1815 2914 1905 largi·

662 1939 824 2000 tore.
860 1931 960 1996 Ad
999 1932 1451 1999 vniuersorum
1500 1928 1809 1995 noticiam
1861 1937 2092 1996 tenore
2143 1929 2557 2012 presencium
2608 1929 2913 1995 volumus

662 2037 1027 2125 peruenire,
1060 2037 1235 2122 quod
1260 2040 1495 2107 Comes
1516 2036 1829 2117 Jacobus,
1864 2036 2038 2103 filius
2071 2035 2397 2104 ‚Iohannis
2431 2034 2513 2102 de
2546 2036 2772 2104 Januk
2806 2055 2914 2103 co-

667 2164 808 2211 ram
857 2145 1044 2211 nobis
1093 2144 1532 2229 personaliter
1583 2141 1993 2226 constitutus,
2047 2144 2370 2225 quandam
2421 2144 2915 2227 possessionem

663 2272 852 2322 suam
902 2251 1275 2336 empticiam
1325 2249 1623 2318 Chondol
1673 2257 1981 2318 vocatam
2034 2251 2100 2316 iu
2152 2250 2480 2319 Comitatu
2521 2250 2916 2320 Posoniensi

665 2363 1077 2445 existentem,
1113 2379 1259 2427 cum
1288 2361 1590 2428 omnibus
1620 2359 2010 2429 vtilitatibus
2043 2367 2107 2425 et
2142 2362 2575 2447 pertinenciJs
2602 2362 2742 2429 suis
2774 2363 2917 2429 vni-

665 2470 899 2556 uersis,
933 2470 1245 2536 videlieet
1274 2474 1447 2534 turre
1499 2489 1696 2555 super
1749 2470 1980 2537 eadem
2030 2476 2211 2536 terra
2259 2470 2598 2546 existente,
2648 2469 2916 2553 fenetis,

666 2577 877 2663 siluis,
907 2577 1218 2665 pomerio,
1251 2576 1621 2662 piscaturis,
1659 2596 1740 2642 ac
1770 2576 1934 2644 locis
1956 2576 2493 2661 molendinorum,
2528 2575 2731 2661 dedit,
2768 2597 2916 2643 con·

665 2686 838 2767 tulit,
873 2691 938 2750 et
969 2684 1244 2751 donauit
1276 2683 1578 2770 capitulo
1620 2685 1921 2752 Ecclesie
1943 2684 2176 2752 Sancti
2207 2682 2575 2751 Saluatoris
2600 2683 2684 2752 de
2717 2685 2916 2751 Poso-

667 2796 775 2859 nio
807 2799 1127 2879 perpetuo
1159 2791 1649 2879 possidendam,
1685 2793 1811 2859 sub
1844 2791 2231 2859 condicione
2261 2791 2535 2859 inferius
2570 2799 2915 2860 annotata.

666 2904 771 2970 Ita
801 2902 1148 2986 videlicet,
1204 2902 1379 2984 quod
1430 2901 1744 2984 quamdiu
1797 2900 1971 2967 idem
2023 2900 2260 2968 Comes
2311 2901 2603 2969 Jacobus
2655 2902 2920 2987 uixerit,

669 3012 1134 3079 usumfructum
1171 3012 1467 3078 eiusdem
1519 3009 1963 3096 possessionis
1995 3009 2320 3096 percipiet
2357 3012 2553 3096 pleno
2588 3012 2767 3098 iure;
2802 3012 2924 3079 sed

667 3125 817 3207 post
849 3126 1121 3185 mortem
1165 3118 1303 3186 eius
1336 3118 1630 3206 predicto
1679 3119 2064 3188 Posoniensi
2117 3120 2423 3204 capitulo
2456 3120 2722 3207 prefata
2771 3140 2924 3208 pos·

668 3228 877 3294 sessio
910 3225 1209 3295 Chaudal
1234 3223 1408 3314 (igy)
1429 3234 1669 3297 vocata
1686 3228 2182 3313 perpetuabitur
2216 3229 2740 3298 irreuocabiliter
2761 3249 2915 3315 pos·

667 3336 949 3403 sidenda
994 3333 1114 3402 sub
1147 3336 1636 3404 condicionibus
1678 3338 1745 3400 in
1778 3336 2010 3404 litteris
2043 3337 2365 3421 sepedicti
2398 3335 2686 3425 Capituli
2716 3339 2920 3407 Poso-

668 3446 923 3514 niensis
971 3445 1490 3529 comprehensis.
1524 3444 1600 3508 Iu
1638 3446 1818 3512 cuius
1869 3446 1964 3510 rei
2014 3446 2396 3513 memoriam
2430 3452 2497 3513 et
2529 3453 2926 3532 perpetuam

669 3552 1042 3620 firmitatem
1077 3558 1417 3636 presentes
1451 3554 1897 3620 concessimus
1947 3554 2204 3620 litteras
2239 3551 2519 3638 duplicis
2555 3555 2759 3639 sigilli
2814 3576 2928 3620 no-

668 3663 787 3728 stri
816 3661 1170 3726 munimine
1199 3661 1562 3728 roboratas.
1613 3662 1860 3728 Datum
1891 3680 2009 3744 per
2064 3680 2295 3729 manus
2349 3664 2747 3730 venerabilis
2796 3663 2926 3731 viri

669 3766 914 3832 domini
944 3766 1278 3835 Theodori
1310 3768 1437 3834 Dei
1478 3770 1706 3853 gracia
1742 3768 2053 3852 Episcopi
2083 3769 2475 3853 Jauriensis,
2510 3772 2667 3837 aule
2701 3779 2927 3840 nostre

671 3873 1279 3963 Vico-Cancellarij,
1303 3876 1527 3942 dilecti
1559 3882 1626 3941 et
1656 3875 1872 3942 fidelis
1894 3880 2125 3962 nostri,
2158 3897 2332 3945 anno
2356 3878 2626 3947 Domini
2657 3880 2762 3949 M⁰
2784 3880 2929 3951 00⁰

667 3984 1095 4066 nonagesimo
1131 3991 1334 4066 sexto,
1367 3984 1577 4069 primo
1612 3980 1791 4069 (ig-y)
1830 3982 1989 4051 Idus
2023 3983 2288 4068 Aprilis.

669 4174 936 4249 (Hartya.
960 4179 1016 4232 A
1040 4176 1242 4249 pecset
1262 4156 1569 4236 vorfiszold
1588 4178 1855 4234 zsinoron
1874 4176 2122 4252 fuggott.
2143 4178 2196 4233 A
2219 4181 2795 4254 pozsonykaptalani
2813 4200 2932 4241 ma·

959 4263 1427 4358 gauleveltdrbol
1454 4263 1649 4339 Capsa
1678 4265 1740 4323 O.
1767 4267 1932 4325 Fasc.
1962 4270 2047 4323 11.
2074 4264 2210 4324 Nro.
2239 4271 2360 4330 120.
2381 4270 2614 4342 Knauz.)

1543 4562 1643 4578 Q
1652 4560 2068 4584 —54-—ssd-*n—-A--b-d-a—ss'
