3416 5313
1462 431 1544 494 27

389 634 667 694 ternam.
717 628 823 695 Ad
855 627 1297 694 uniuersorum
1349 629 1661 697 noticiam
1703 634 1929 691 tenore
1979 624 2388 709 presencium
2434 623 2620 691 volu-

389 757 535 802 mus
570 737 911 821 peruenire
931 790 948 823 ‚
1004 740 1175 818 quod
1209 739 1435 806 Abbas
1486 747 1553 805 et
1586 738 1960 804 Conueutus
1993 731 2370 799 Monasterii
2417 733 2620 799 Beate

392 845 675 928 Virginis
709 844 788 910 de
821 846 1040 911 Monte
1066 840 1310 914 Sancte
1342 848 1547 915 Marie
1582 845 1664 912 de
1698 843 1960 912 Kedhel
1993 840 2072 907 ad
2112 847 2402 907 nostram
2435 860 2618 906 acce-

388 950 602 1019 dendo
664 955 1063 1036 presenciam
1134 955 1564 1021 exhibuerunt
1632 953 1822 1021 nobis
1886 950 2223 1034 exemplar
2290 947 2621 1035 priuilegii

389 1060 682 1126 Ladislai
712 1062 951 1145 Inclyti
983 1063 1181 1147 Regis
1216 1063 1554 1147 Hungarie
1587 1058 1901 1148 patruelis
1934 1057 2154 1124 fratris
2187 1060 2389 1125 nostri
2421 1075 2621 1142 super

385 1177 570 1235 terra
603 1168 825 1254 Sydan
861 1180 1097 1236 vocata
1130 1173 1493 1238 confectum
1517 1224 1535 1258 ‚
1570 1176 1871 1255 petentes
1904 1186 1946 1232 a
1978 1166 2166 1231 nobis
2199 1185 2341 1232 cum
2374 1166 2618 1233 instan-

388 1278 513 1363 cia,
548 1282 618 1342 ut
648 1296 768 1342 nos
810 1281 1146 1363 exemplar
1186 1280 1395 1364 ipsius
1428 1278 1759 1365 priuilegii
1784 1282 1992 1342 ratum
2027 1272 2274 1340 habere
2296 1280 2361 1340 et
2393 1279 2614 1341 nostro

386 1387 800 1471 dignaremur
832 1387 1180 1473 priuilegio
1233 1386 1635 1455 confirmare.
1687 1388 1887 1455 Cuius
1921 1384 2176 1467 quidem
2230 1383 2621 1470 exemplaris

389 1496 717 1581 priuilegii
748 1502 935 1564 tenor
964 1500 1117 1564 talis
1140 1506 1242 1563 est
1274 1523 1290 1564 ε

598 1607 737 1672 Nos
772 1603 1124 1673 Ladislaus
1174 1610 1302 1675 stb.
1338 1612 1696 1684 (kevetkezik
1737 1615 1836 1670 lv.
1869 1612 2072 1670 Laszle
2122 1611 2309 1683 kiraly
2367 1610 2622 1665 1277-ki

389 1721 724 1791 meger6s1't6
779 1722 1095 1793 okmanya,
1148 1724 1298 1794 mely
1331 1722 1621 1778 olvashato
1674 1723 2145 1796 Okmanytarunk
2177 1720 2276 1775 IV.
2318 1719 2622 1775 koteteben

390 1828 486 1880 77.
521 1825 582 1897 1.)

597 1930 736 1996 Nos
773 1930 993 2015 itaque
1044 1934 1459 2000 attendentes
1512 1934 1910 2018 peticionem
1943 1931 2295 2000 eorundem
2340 1930 2620 1998 Abbatis

386 2043 452 2101 et
484 2037 853 2107 Conventus
888 2042 1270 2109 Monasterii
1303 2041 1385 2107 de
1417 2044 1633 2109 Monte
1668 2040 1910 2109 Sancte
1942 2041 2144 2108 Marie
2188 2040 2327 2109 fore
2361 2040 2616 2127 iustam,

386 2147 1010 2234 considerantesque
1041 2151 1379 2238 exemplar
1411 2151 1742 2237 privilegii
1777 2153 2067 2219 eiusdem
2089 2150 2291 2237 Regis
2321 2149 2620 2217 Ladislai

385 2253 608 2321 fratris
639 2259 843 2324 nostri
876 2278 1003 2326 non
1053 2260 1401 2346 abrasum,
1441 2280 1570 2326 non
1606 2261 2041 2326 cancellatum
2067 2313 2085 2347 ,
2139 2259 2357 2325 necin
2397 2259 2622 2342 aliqua

386 2366 487 2433 sui
519 2373 710 2450 parte
760 2368 1107 2456 viciatum,
1162 2377 1452 2436 tenorem
1504 2369 1791 2436 eiusdem
1846 2370 1928 2437 de
1962 2371 2164 2437 verbo
2206 2369 2294 2435 ad
2344 2368 2617 2435 verbum

387 2476 799 2558 presentibus
830 2478 1163 2566 insertum,
1198 2479 1479 2544 maxime
1511 2498 1650 2543 cum
1686 2479 2091 2545 collaciones
2123 2476 2617 2565 progenitorum

384 2592 745 2650 nostrorum
765 2586 1087 2652 Ecclesiis
1108 2586 1232 2651 rite
1267 2592 1332 2649 et
1359 2585 1644 2671 legitime
1669 2586 1882 2652 factas
1905 2586 2210 2653 nollimus
2233 2590 2619 2674 retractare,

383 2700 592 2759 ratum
623 2695 941 2763 habentes
983 2701 1047 2761 et
1096 2701 1463 2780 acceptum,
1496 2696 1900 2762 authoritate
1937 2696 2344 2781 presencium
2399 2694 2620 2762 confir-

383 2823 634 2869 mamus
656 2804 979 2891 dupplicis
1001 2805 1203 2889 sigilli
1227 2806 1437 2872 nostri
1458 2803 1808 2871 munimine
1833 2804 2224 2876 roborando.
2244 2807 2483 2873 Datum
2506 2824 2619 2890 per

384 2932 613 2978 manus
649 2913 1039 2980 venerabilis
1076 2914 1195 2979 viri
1230 2911 1526 2998 magistri
1557 2911 1885 2980 Theodori
1918 2914 2246 2999 Prepositi
2283 2914 2617 2994 Albensis‚

382 3021 532 3087 aule
566 3027 783 3088 nostre
805 3021 1384 3088 Vice-Cancellarii
1417 3020 1643 3087 dilecti
1675 3028 1744 3090 et
1774 3019 1988 3089 fidelis
2016 3024 2244 3103 nostri,
2282 3043 2455 3088 anno
2486 3023 2618 3089 Do·

380 3130 539 3196 mini
573 3131 919 3198 millesimo
954 3130 1399 3198 ducentesimo
1432 3132 1858 3215 nonagesimo
1880 3134 2109 3218 prim0‚
2145 3131 2369 3214 quinto
2408 3152 2616 3198 nonas

379 3241 680 3323 Augusti,
715 3240 929 3325 Regni
962 3247 1175 3307 autem
1210 3240 1415 3306 nostri
1458 3260 1628 3306 anno
1661 3241 1889 3327 primo,

689 3435 1004 3506 (Hevenesi
1031 3433 1275 3492 kezirati
1301 3434 1712 3509 gyiijtcmenye
1738 3435 1889 3492 LIX.
1920 3437 2039 3494 ket.
2071 3437 2198 3494 426.
2226 3435 2293 3508 1.)

1230 3731 1545 3741 w-m
1609 3737 1613 3741 ‚
1682 3736 1701 3739 γ,
1717 3737 1758 3742 ψ,-
