3416 5313
1521 457 1650 524 217

458 649 738 737 edificijs
769 651 836 718 in
870 653 1160 722 claustro
1192 650 1515 723 faciendis
1534 703 1554 738 ,
1604 653 1716 720 vel
1749 674 1869 740 pro
1901 653 2261 723 reficiendo
2294 655 2702 723 Monasterio

455 780 539 853 ac
572 760 909 829 domorum
938 761 1008 828 in
1042 761 1335 829 claustro
1360 760 1792 829 existencium
1812 759 2234 847 indiguerint,
2277 761 2554 832 liberam
2585 763 2700 830 ba·

454 868 660 936 beant
689 868 1074 938 facultatem
1096 923 1114 956 ‚
1171 867 1507 937 incidendi
1535 868 1723 954 ligna
1748 869 1818 937 in
1847 870 2044 956 sylua
2072 870 2296 938 Leske
2315 917 2333 952 ,
2368 877 2437 938 et
2469 889 2703 958 expor⁴

456 976 637 1043 tandi
667 977 808 1046 sine
858 978 1081 1061 aliquo
1133 976 1597 1063 impedimento
1646 977 2179 1063 quociescunque
2226 976 2576 1047 voluerint.
2624 978 2704 1046 In

458 1085 643 1154 cuius
677 1085 774 1153 rei
805 1085 1187 1155 memoriam
1221 1093 1286 1151 et
1317 1092 1699 1173 perpetuam
1731 1084 2108 1154 firmitatem
2132 1135 2151 1169 ,
2203 1085 2378 1155 hanc
2429 1092 2702 1169 cartam,

454 1194 693 1263 seriem
725 1194 1240 1281 permutacionis
1275 1195 1741 1277 continentem,
1784 1194 2007 1280 sigillo
2040 1200 2264 1262 nostro
2285 1242 2304 1278 ,
2355 1192 2606 1261 Abbati
2636 1198 2705 1261 et

456 1301 861 1370 Monasterio
894 1302 1194 1387 sepefato
1229 1302 1466 1371 damus
1488 1309 1555 1371 et
1584 1300 1905 1372 tradimus
1937 1302 2418 1385 consignatam.
2452 1301 2699 1369 Datum

456 1410 523 1479 in
555 1410 847 1480 Klusuar
880 1410 947 1477 in
981 1412 1147 1481 festo
1178 1410 1633 1480 Exaltacionis
1666 1412 1910 1480 Sancte
1942 1409 2190 1496 Crucis,
2227 1430 2404 1479 anno
2437 1410 2706 1479 Domini

452 1519 571 1587 Μ’).
603 1520 768 1593 00⁰.
801 1520 1231 1605 nonagesimo
1278 1540 1477 1589 nono.

885 1732 1166 1806 (Teutsch
1192 1732 1255 1790 es
1282 1732 1612 1792 Firnhaber
1634 1733 1714 1791 id.
1740 1750 1817 1791 m.
1840 1733 1887 1792 1.
1911 1733 2034 1792 ket.
2060 1732 2184 1792 210.
2210 1731 2275 1806 l.)

1323 2057 1833 2075 m*

1486 2626 1636 2694 144.

457 2837 683 2903 Ldszld
711 2838 949 2928 erdelyi
996 2840 1197 2927 vajda
1230 2842 1428 2908 ennek
1462 2839 1732 2928 folytdn
1771 2843 2018 2907 kiadott
2050 2842 2315 2908 iktatdsi
2346 2863 2697 2927 poranesa.

1476 2952 1674 3018 1299.

684 3147 932 3215 Amicis
983 3148 1122 3216 suis
1171 3148 1553 3218 reverendis
1607 3145 1981 3216 honorabili
2033 3145 2345 3232 (la-pitulo
2397 3146 2697 3215 Ecclesie

447 3254 919 3324 Transsiluane
967 3257 1326 3326 Ladizlaus
1378 3256 1736 3344 Woyuoda
1769 3255 2290 3325 Transsiluanus
2341 3260 2408 3322 et
2459 3256 2696 3324 Comes

446 3360 531 3428 de
563 3362 797 3432 Zonuk
846 3363 1216 3433 amiciciam
1265 3372 1574 3451 paratam
1609 3384 1758 3432 cum
1788 3363 2060 3430 honore.
2113 3363 2294 3431 Dicit
2323 3363 2516 3431 nobis
2547 3359 2695 3431 reli-

447 3470 672 3555 giosus
702 3470 803 3539 vir
833 3471 1038 3539 frater
1056 3473 1351 3541 Lazarus
1373 3473 1601 3542 Abbas
1625 3474 1708 3541 de
1732 3472 2294 3556 Colusmonustra,
2329 3469 2507 3555 quod
2525 3467 2693 3555 ipse,

446 3579 514 3644 in
548 3576 904 3648 dominium
956 3580 1296 3650 cuiusdam
1344 3582 1786 3669 possessionis
1835 3600 1956 3649 sue
2007 3579 2407 3666 Bogartelke
2456 3582 2694 3647 vocate

446 3686 514 3752 in
549 3686 878 3755 comitatu
927 3688 1010 3756 de
1042 3691 1198 3760 clus
1252 3690 1622 3776 existentis,
1674 3711 1793 3778 per
1826 3689 2277 3759 venerabilem
2327 3688 2395 3754 in
2434 3686 2695 3756 Christo

445 3801 698 3882 patrem
732 3795 1064 3865 dominum
1093 3800 1361 3866 Petrum
1392 3798 1797 3887 Episcopum
1818 3847 1837 3881 ,
1891 3798 2226 3866 dominum
2260 3800 2327 3863 et
2364 3795 2695 3865 Prelatum

446 3909 740 3970 vestrum
772 3904 838 3969 in
872 3902 1083 3973 forma
1116 3906 1625 3992 composicionis
1658 3908 1727 3974 in
1768 3904 2218 3975 concambium
2249 3904 2698 3990 possessionis

445 4014 890 4103 Sendgyurgh
922 4020 992 4083 et
1020 4017 1189 4085 silue
1211 4019 1432 4087 Leske
1464 4025 1847 4087 vocatarum
1882 4014 2010 4084 sibi
2039 4020 2108 4084 et
2136 4033 2256 4082 suo
2288 4014 2693 4081 Monasterio

444 4120 918 4207 perpetualiter
971 4122 1147 4208 date,
1198 4124 1493 4208 legitime
1544 4125 1747 4192 vellet
1779 4121 2092 4205 introire,
2145 4122 2202 4187 si
2254 4117 2697 4190 contradiccio
2743 4213 2747 4217 ,

446 4228 809 4314 cuiuspiam
844 4230 974 4298 sibi
1008 4252 1141 4300 non
1174 4232 1476 4300 obviaret
1506 4232 1574 4298 in
1598 4232 1727 4301 hac
1759 4237 1974 4317 parte.
2021 4231 2229 4316 Super
2256 4247 2383 4311 quo
2404 4234 2698 4298 vestram

448 4339 821 4409 amiciciam
874 4341 1288 4428 presentibus
1337 4332 1730 4426 requirimus
1764 4348 2184 4426 reuerenter,
2228 4343 2555 4422 quatenus
2585 4354 2696 4403 ve-

444 4457 647 4515 strum
685 4450 960 4517 mittatis
996 4450 1323 4517 hominem
1374 4471 1494 4536 pro
1526 4450 1903 4519 testimonio
1953 4447 2358 4531 fidedignum
2399 4462 2526 4528 quo
2553 4460 2695 4527 pre-

446 4564 632 4624 sente
666 4556 1003 4644 Nycolaus
1035 4558 1144 4625 vel
1192 4556 1539 4626 Jobannes
1572 4557 1833 4627 nobiles
1866 4556 1949 4623 de
1980 4561 2162 4623 Mera
2185 4608 2203 4641 ‚
2238 4560 2352 4620 aut
2379 4548 2699 4634 Magister

444 4663 782 4753 Nycolaus
835 4665 1002 4733 Chol
1062 4666 1278 4735 dictus
1331 4669 1416 4736 de
1464 4666 2022 4754 Zenthmyheltek
2088 4663 2246 4749 aliis
2308 4656 2698 4727 absentibus

445 4772 635 4843 homo
687 4781 935 4859 noster,
982 4775 1409 4861 presentibus
1460 4776 1694 4853 vicinis
1742 4781 1809 4854 et
1858 4769 2337 4852 commetaneis
2393 4766 2693 4863 predicte
