3416 5313
1784 337 1878 406 70

706 547 999 630 sumptus
1030 544 1289 608 vestros
1312 558 1429 622 per
1462 556 1656 602 unum
1689 555 1934 603 annum
1965 535 2156 605 nobis
2178 538 2248 603 in
2270 537 2442 603 dicte
2471 536 2673 603 Terre
2706 536 2948 605 Sancte

702 668 1080 718 succursum
1131 647 1430 717 faciendo
1481 665 1600 735 per
1648 653 1895 717 terram
1945 647 2200 717 offertis
2219 696 2241 729 ,
2272 649 2556 733 quantas
2605 663 2945 731 possumus

705 755 891 826 vohis
922 756 1178 844 agimus
1224 758 1489 844 gracias
1541 756 1840 823 iteratas.
1890 759 1976 824 Et
2005 755 2163 827 licet
2213 756 2301 824 ob
2356 752 2692 823 racionem
2732 753 2945 840 predi·

709 872 881 939 etam
914 886 993 935 ac
1026 866 1177 933 aliis
1210 865 1402 934 certis
1434 865 1516 932 de
1549 865 1768 935 causis
1797 883 1914 949 per
1943 869 2169 949 partes
2201 869 2456 931 vestras
2488 863 2613 932 iter
2652 868 2947 932 nostrum

707 972 1073 1043 huiusmodi
1094 979 1471 1043 conuertere
1492 995 1622 1042 non
1643 974 1967 1058 possimus
1991 999 2006 1061 3
2042 970 2523 1041 Sublimitatem
2543 974 2819 1057 Regiam
2839 973 2947 1041 de-

706 1103 1048 1172 precamur
1078 1083 1460 1165 instancius‚
1494 1083 1672 1166 quod
1723 1081 1971 1152 idcirco
2023 1080 2351 1148 Diuinitus
2402 1081 2590 1150 vobis
2621 1081 2948 1167 inspirata

708 1195 1015 1263 voluntas
1041 1243 1058 1276 ,
1109 1212 1303 1278 quam
1354 1213 1473 1261 vos
1504 1193 1752 1261 habere
1784 1201 2079 1260 tenemus
2114 1193 2202 1260 ad
2234 1193 2492 1278 prefate
2523 1199 2695 1260 terre
2743 1193 2948 1260 subsi-

712 1303 909 1387 dium,
942 1322 1073 1368 non
1105 1307 1425 1389 tepescat.
1463 1302 1545 1367 Et
1575 1301 1633 1370 si
1666 1300 2108 1387 Magnitudini
2160 1303 2395 1370 Vestre
2428 1304 2694 1387 placeat
2726 1300 2807 1369 de
2838 1302 2950 1368 ho-

709 1409 985 1479 minibus
1006 1411 1244 1480 vestris
1265 1412 1329 1475 in
1363 1411 1676 1478 auxilium
1710 1412 2010 1497 ejusdem
2044 1419 2216 1478 terre
2247 1411 2717 1495 transmittere,
2754 1418 2821 1479 et
2836 1410 2950 1477 ubi

709 1520 1022 1587 fuerimus
1050 1520 1374 1604 venerint,
1398 1519 1727 1605 jocundus
1784 1528 1851 1589 et
1883 1518 2055 1590 letus
2087 1519 2439 1588 admodum
2472 1521 2594 1587 erit
2624 1520 2815 1589 nobis
2845 1540 2953 1587 eo·

711 1648 854 1696 rum
887 1629 1208 1696 aduentus
1228 1679 1245 1712 ,
1299 1649 1413 1696 eos
1447 1631 1654 1698 eciam
1705 1633 2118 1716 gratulanter
2150 1637 2215 1698 et
2264 1629 2620 1700 honorifice
2651 1630 2950 1698 admitte·

711 1759 875 1806 mus.
907 1738 1150 1805 Datum
1171 1740 1348 1825 apud
1369 1741 1656 1826 Berwyk
1686 1758 1886 1826 super
1916 1739 2237 1808 Twedam
2268 1740 2335 1806 in
2359 1741 2584 1809 Scotia
2615 1740 2681 1808 in
2714 1740 2948 1825 vigilia

709 1845 898 1914 Beati
931 1844 1256 1915 Johannis
1292 1849 1594 1932 Baptiste
1625 1868 1798 1918 anno
1830 1847 2093 1918 Domini
2126 1848 2474 1917 millesimo
2509 1848 2951 1917 ducentesimo

711 1957 1140 2043 nonagesimo
1173 1953 1476 2026 secundo.

709 2170 945 2245 (Clarke
966 2171 1152 2227 Adam
1173 2169 1236 2226 es
1256 2171 1597 2229 Holbrooke
1620 2172 1865 2243 Frigyes
1887 2189 1900 2225 :
1923 2171 2203 2242 Foedera,
2225 2169 2673 2241 conuentiones,
2692 2173 2949 2229 Litterae

714 2268 773 2319 et
799 2261 1186 2333 cujuscunque
1205 2265 1430 2336 generis
1451 2261 1609 2321 Acta'
1620 2262 1866 2320 Publica
1884 2264 2034 2319 inter
2053 2264 2246 2336 Reges
2271 2265 2515 2333 Angliae
2536 2269 2596 2320 et
2615 2265 2761 2320 alios
2790 2279 2955 2334 quos-

712 2354 802 2409 vis
828 2354 1228 2425 Imperatores,
1249 2355 1463 2426 Reges,
1487 2353 1816 2424 Pontifices,
1837 2354 2137 2425 Principes
2163 2355 2258 2411 vel
2279 2352 2725 2411 communitates
2751 2353 2954 2411 habita

1062 2450 1122 2500 et
1146 2449 1414 2502 tractata.
1440 2444 1571 2501 Vol.
1596 2443 1640 2499 1.
1672 2450 1814 2516 'pars
1840 2447 1890 2501 2.
1919 2444 2169 2499 Londini
2195 2443 2349 2501 1816.
2377 2463 2431 2516 p.
2461 2441 2605 2516 760.)

1568 2744 2103 2758 Q—-c-——m
