3416 5313
1414 1564 1470 1632 Ι.

323 1785 451 1848 ΙΙΙ.
486 1784 702 1850 Endre
736 1783 948 1869 kirdly
980 1784 1257 1864 Pdlnak,
1292 1784 1460 1849 Beck
1489 1782 1911 1870 yrdffidnak,
1938 1786 2221 1850 Prawna
2251 1787 2416 1851 nevil
2445 1785 2569 1852 bir-

1040 1894 1214 1959 tokdt
1244 1894 1613 1979 meyerdsiti.
1650 1895 1847 1957 1290.

540 2111 675 2176 Nos
708 2106 1010 2176 Andreas
1043 2109 1169 2175 Dei
1205 2111 1434 2196 gracia
1480 2111 1622 2176 Rex
1661 2109 1994 2196 Hungarie
2029 2111 2346 2178 memorie
2399 2130 2569 2177 com-

326 2216 719 2284 mendantes
752 2217 1216 2304 significamuS‚
1253 2218 1488 2300 quibus
1523 2219 1790 2305 expedit
1820 2219 2170 2305 Vniuersis,
2207 2220 2385 2303 quod
2415 2219 2570 2287 licet

323 2329 407 2392 in
477 2327 1218 2412 congregacione
1293 2327 1722 2411 generali
1801 2346 2080 2411 supra
2147 2328 2570 2394 Veterem

321 2437 376 2501 B
397 2456 439 2501 u
463 2434 504 2499 (1
525 2455 566 2500 a.
585 2458 648 2501 m
697 2456 732 2500 c
755 2456 792 2501 e
812 2437 831 2499 l
854 2454 890 2499 e
910 2437 952 2501 b
973 2457 1006 2502 r
1025 2457 1067 2502 a
1089 2444 1111 2499 t
1134 2458 1176 2503 a
1225 2457 1444 2502 coram
1479 2436 1965 2503 venerabilibus
1999 2435 2301 2521 patribus
2334 2437 2561 2503 Archi-

323 2543 669 2628 episcopis,
717 2545 1066 2629 Episcopis
1087 2596 1104 2628 ,
1152 2550 1218 2610 et
1250 2544 1545 2610 omnibus
1579 2545 1725 2611 aliis
1759 2545 2209 2612 Ecclesiarum
2257 2544 2566 2628 PrelatiS,

321 2653 705 2741 BaronibuS‚
758 2653 1138 2736 Comitibus,
1180 2673 1296 2737 per
1346 2654 1692 2720 vniuersos
1731 2653 1939 2739 Regni
1988 2653 2245 2720 nobiles
2282 2653 2572 2721 extiterit

323 2763 492 2828 inter
525 2769 744 2829 cetera
779 2762 1132 2846 specialius
1169 2762 1559 2847 ordinatum,
1608 2769 1679 2825 ut
1714 2762 2019 2829 vniuerse
2051 2769 2227 2828 terre
2261 2762 2568 2828 vduorni-

323 2890 544 2937 corum
574 2877 957 2957 nostrorum,
1005 2877 1071 2935 et
1105 2871 1483 2954 specialiter
1514 2876 1681 2935 terre
1714 2870 1802 2934 ad
1833 2870 2066 2954 predia
2095 2878 2322 2936 nostra
2356 2873 2570 2958 Rega-

262 2960 265 2963 Α
321 2979 414 3044 lia
436 2979 841 3064 pertinencia
873 2976 1046 3066 (i‘gy)
1088 2978 1174 3042 ad
1198 2978 1740 3063 jurisdiccionem
1771 2978 2043 3059 Regiam
2093 2977 2564 3065 deuoluantur3

322 3096 549 3152 tamen
587 3087 744 3169 quia
779 3089 1021 3156 Paulus
1044 3088 1213 3153 filius
1251 3087 1522 3155 Comitis
1556 3088 1739 3152 Reck
1761 3084 1843 3153 de
1876 3087 2250 3153 Thwrowcz
2275 3108 2420 3155 cum
2454 3107 2559 3154 co-

322 3197 541 3279 gnatis
578 3206 641 3263 et
673 3198 870 3263 sociis
907 3197 1065 3282 suis,
1099 3198 1407 3263 videlicet
1437 3196 1753 3279 magistro
1774 3196 2031 3262 Joanne
2061 3193 2194 3261 filio
2219 3196 2550 3282 Mykonis,

320 3307 506 3372 Beke
537 3305 671 3372 filio
723 3306 991 3372 Comitis
1024 3304 1326 3388 Emerici,
1365 3311 1431 3369 et
1461 3305 1739 3372 Nicolao
1771 3306 1905 3371 filio
1940 3301 2213 3392 Chyma,
2249 3306 2568 3391 magistro

320 3414 739 3499 Leustachio,
773 3413 1049 3482 Nicolao
1083 3414 1213 3481 filio
1234 3413 1446 3501 Gyge,
1475 3413 1725 3499 Bydow
1756 3412 1892 3481 filio
1914 3403 2185 3479 Comitis
2207 3413 2564 3497 Bogmerij,

322 3524 513 3590 Petro
543 3523 675 3589 fflio
709 3523 966 3609 MykuS,
1001 3522 1070 3588 in
1104 3520 1620 3589 conservacione
1655 3521 1850 3588 castri
1885 3520 1969 3588 de
2001 3522 2265 3608 Zolwm,
2300 3521 2564 3588 domino

321 3635 503 3717 Rege
536 3631 853 3698 Ladizlao
887 3633 1089 3699 fratre
1121 3639 1344 3697 nostro
1370 3631 1756 3697 charissimo
1789 3630 1965 3695 bone
1987 3631 2298 3696 memorie
2329 3630 2411 3695 de
2441 3649 2570 3696 me-

323 3742 431 3808 dio
467 3741 752 3822 sublato,
787 3739 976 3805 nobis
1012 3747 1074 3806 et
1106 3742 1336 3822 Regno
1370 3746 1589 3806 nostro
1645 3736 2172 3822 graciosissimos
2206 3746 2272 3804 et
2326 3738 2565 3807 fidelis·

324 3850 524 3915 simos
555 3848 876 3933 impendit
908 3850 1300 3929 famulatus3
1335 3869 1452 3915 nos
1485 3849 1790 3933 inspecta
1823 3845 2035 3931 ipsius
2067 3846 2406 3935 fidelitate,
2442 3851 2564 3915 Re-

328 3958 500 4040 giam
552 3965 620 4023 vt
673 3957 860 4026 decet
910 3960 1357 4041 Maiestatem,
1427 3959 1779 4040 quamdam
1833 3955 2327 4040 possessionem
2378 3976 2566 4027 suam

314 4066 607 4134 -Prawna
639 4074 944 4134 vocatam
978 4087 1121 4132 cum
1156 4068 1293 4135 suis
1330 4068 1759 4152 pertinencijs
1784 4122 1799 4143 ,
1853 4086 2050 4151 quam
2086 4087 2169 4134 ex
2201 4067 2563 4134 collacione

325 4175 568 4243 domini
598 4178 798 4261 Regis
831 4176 1130 4242 Ladizlai
1179 4178 1392 4244 tenuit
1426 4183 1492 4243 et
1521 4175 1820 4261 possedit
1849 4195 2054 4260 vsque
2108 4176 2302 4243 modo
2325 4227 2343 4262 ,
2378 4178 2568 4245 relin-

321 4285 601 4371 quimus,
639 4284 938 4352 dedimus
972 4292 1037 4351 et
1070 4285 1452 4352 donauimus
1486 4283 1704 4352 eidem
1738 4282 1975 4350 Comiti
2006 4286 2209 4351 Paulo
2245 4292 2564 4371 perpetuo

325 4402 391 4463 et
422 4393 944 4461 irreuocabiliter
964 4394 1450 4481 possidendam,
1487 4401 1553 4461 et
1585 4400 1898 4481 cognatos
1921 4413 2075 4463 suos
2109 4399 2178 4462 et
2211 4392 2430 4462 socios
2464 4414 2565 4461 su-

324 4502 545 4588 perius
578 4504 978 4587 nominatos,
1038 4510 1102 4567 et
1135 4504 1303 4570 alios
1338 4523 1502 4589 quos
1537 4504 1724 4572 nobis
1757 4503 1875 4572 illa
1903 4504 2049 4570 vice
2100 4503 2287 4570 nobis
2322 4503 2566 4570 dixerit

325 4611 706 4694 seruiuisse,
740 4614 913 4680 omni
946 4611 1309 4679 dileccione
1345 4618 1409 4678 et
1440 4613 1669 4679 fauore
1710 4611 1916 4698 Regio
1945 4631 2450 4697 prosequemur3
2501 4618 2567 4677 et

323 4722 448 4788 hec
482 4721 699 4789 omnia
735 4720 944 4789 eidem
978 4722 1392 4807 promisimus
1443 4729 1835 4791 conseruare
1869 4730 1935 4789 et
1964 4729 2192 4788 tenere
2226 4720 2387 4788 data
2417 4719 2559 4784 fide.

431 4865 803 4908 monimntum.
832 4865 962 4908 msoe.
988 4884 1041 4895 --
1058 4866 1192 4906 nm„
1213 4862 1277 4907 10.
2266 4850 2299 4912 1
