3416 5313
1435 385 1517 454 75

362 590 626 671 optente
659 582 1097 671 possessionis
1120 636 1135 661 ‚
1167 585 1460 671 prefatus
1492 584 1835 668 Nicolaus‚
1878 584 2079 654 aliam
2109 603 2265 654 uero
2297 584 2594 653 dimidie·

350 700 554 761 tatem
602 699 985 777 prenotatus
1017 690 1315 761 Michael
1363 712 1507 761 cum
1539 694 1678 761 suis
1731 692 2041 763 fratribus
2090 694 2331 762 debent
2379 695 2590 780 possi-

354 800 528 869 dere.
582 800 658 866 In
694 798 876 865 cuius
910 798 1006 865 rei
1060 804 1438 870 memoriam
1470 806 1812 887 presentes
1861 802 2302 871 concessimus
2334 801 2592 871 litteras

353 908 561 996 sigilli
592 906 802 975 nostri
819 907 1179 980 munimine
1201 912 1559 981 roboratas.
1594 908 1834 978 Datum
1860 931 2035 980 anno
2054 911 2316 979 Domini
2334 910 2433 978 M⁰
2453 909 2594 982 00⁰

352 1015 779 1104 nonagesimo
817 1019 1134 1087 secundo.

1189 1185 1267 1249 A.
1445 1178 1522 1246 B.
1704 1183 1779 1251 G.

356 1394 624 1468 (Hartya.
650 1393 916 1451 Nemzeti
940 1394 1105 1451 szinii
1134 1399 1409 1470 zsinegen
1434 1393 1577 1467 fligg
1603 1412 1674 1451 az
1693 1397 1992 1453 ismeretes
2012 1394 2074 1454 es
2094 1394 2226 1467 meg
2252 1395 2383 1469 eleg
2407 1396 2478 1469 ep
2505 1414 2602 1468 pe-

355 1486 495 1543 cset.
521 1485 1095 1559 Pozsonykaptalani
1116 1487 1572 1561 magsnlevelter
1597 1487 1793 1559 Capsa
1819 1485 1880 1541 C.
1901 1487 2066 1543 Fasc.
2090 1490 2144 1544 8.
2169 1488 2305 1542 Nro.
2323 1488 2410 1544 81.
2436 1467 2603 1559 Iflpen

352 1575 455 1651 igy
496 1574 766 1635 kiallitva
791 1576 979 1634 fordtil
1020 1579 1111 1633 016
1139 1596 1206 1633 ez
1245 1578 1497 1649 okmany
1542 1576 1673 1652 meg
1703 1597 1773 1634 az
1802 1576 2077 1652 orszagos
2120 1575 2365 1633 levdltar
2411 1577 2605 1652 Capsa

351 1670 509 1728 XIV.
530 1671 699 1727 Fase.
723 1671 810 1727 20.
839 1669 1178 1726 szzimaban.
1215 1670 1383 1727 Azon
1409 1670 1783 1727 terme'szetes
1805 1668 2246 1743 kiiliinbse'ggel,
2271 1671 2429 1743 hogy
2454 1675 2542 1725 ott
2567 1688 2603 1725 a.

641 1758 725 1815 fe'l
748 1758 819 1817 A.
845 1758 1001 1817 1320.
1041 1760 1225 1818 betiik
1262 1780 1299 1818 a
1323 1761 1731 1819 homlokzaton
1758 1759 2045 1818 lathatok.
2089 1758 2316 1832 Knauz.)

1220 2079 1737 2091 .-.-.--——--—-—-—.

1444 2670 1558 2735 48.

316 2945 321 2950 .
348 2885 416 2953 A
422 2861 734 2974 pozsonyi
769 2886 1085 2974 kciptalan
1122 2885 1659 2974 bizonysdqlevelae,
1697 2887 1855 2972 hoqy
1900 2885 2211 2973 Benedek‚
2252 2889 2610 2953 Betheunelc

354 2995 463 3081 fia,
485 2998 549 3061 εἷς
570 2996 835 3061 rokonai
859 2997 1109 3061 Turnus
1129 2995 1534 3063 Chondolban
1555 2995 1689 3060 Ζόυὸ
1706 2994 1998 3059 birtokuk
2028 2996 2330 3082 neqyedik
2348 2996 2611 3061 reszerb'l

680 3103 876 3193 Book,
909 3105 1109 3170 Mur-d
1122 3106 1245 3191 fia,
1281 3104 1617 3171 e'rdekeben
1658 3103 2049 3172 inte'zkedett.
2088 3107 2284 3169 1292.

584 3321 922 3388 Vniuersis
955 3321 1199 3390 Christi
1253 3320 1558 3390 fidelibus
1590 3326 1937 3408 presentes
1988 3321 2251 3389 litteras
2281 3320 2608 3406 inspectu-

358 3429 452 3496 ris
494 3426 869 3513 Capitulum
904 3426 1203 3497 Ecclesie
1235 3428 1663 3496 Posoniensis
1702 3429 2036 3494 orationes
2069 3427 2136 3493 in
2169 3425 2471 3496 Domino.
2507 3430 2610 3496 Ad

370 3538 820 3605 universorum
855 3537 1163 3605 noticiam
1194 3541 1420 3606 tenore
1469 3538 1881 3623 presencium
1912 3539 2208 3607 uolumus
2243 3540 2611 3626 peruenire,

368 3646 547 3730 quod
600 3645 972 3714 constitutis
1041 3647 1480 3731 personaliter
1550 3669 1769 3717 coram
1819 3648 2012 3718 nobis
2061 3647 2419 3717 Benedicto
2476 3649 2610 3717 filio

361 3753 634 3837 Betheu,
669 3752 905 3838 Egidio
935 3754 1070 3820 filio
1090 3754 1331 3821 Jacobi
1361 3775 1478 3840 pro
1512 3775 1584 3824 se
1618 3763 1684 3822 et
1713 3778 1833 3843 pro
1854 3756 2037 3841 Isiph
2070 3764 2138 3821 et
2168 3756 2418 3825 Jacobo
2449 3757 2606 3842 filijs

363 3862 708 3945 Johannis,
743 3863 1041 3945 cognatis
1074 3863 1234 3948 suis,
1271 3869 1338 3930 et
1368 3863 1623 3932 Mathia
1653 3863 1788 3930 filio
1821 3866 2006 3930 Reun
2039 3863 2337 3933 similiter
2387 3886 2505 3951 pro
2538 3884 2611 3933 se

366 3979 430 4039 et
459 3991 582 4056 pro
610 3968 942 4037 Damiano
973 3966 1225 4036 Clerico
1257 3969 1463 4038 fratre
1496 3991 1613 4040 suo
1636 3973 1722 4039 ab
1757 3992 1887 4039 una
1918 3977 2131 4055 parte,
2166 3977 2233 4039 et
2262 3975 2442 4042 Beck
2475 3973 2607 4041 filio

365 4079 557 4152 Murd
587 4077 672 4143 de
704 4077 869 4144 uilla
886 4077 1164 4164 Lipoldi,
1199 4080 1285 4147 ab
1322 4082 1574 4169 altera;
1609 4080 1786 4147 idem
1806 4079 2224 4167 Benedictus,
2246 4079 2522 4166 Egidius
2543 4091 2609 4149 et

370 4187 668 4256 Mathias
700 4206 819 4272 pro
870 4205 945 4254 se
977 4192 1044 4253 et
1077 4208 1194 4274 pro
1227 4188 1550 4275 predictis
1600 4189 1901 4275 cognatis
1952 4189 2088 4256 suis
2140 4187 2426 4259 confessi
2462 4199 2612 4261 sunt

377 4298 647 4365 oraculo
680 4296 830 4363 uive
862 4296 1045 4365 vocis
1066 4347 1085 4377 ,
1136 4298 1309 4382 quod
1339 4297 1469 4383 ipsi
1501 4297 1827 4381 quandam
1856 4303 2097 4366 terram
2130 4319 2318 4367 suam
2349 4301 2611 4369 Turnus

368 4406 669 4475 Chondol
722 4413 1049 4495 vocatam,
1099 4427 1180 4475 ex
1232 4408 1592 4477 donacione
1639 4409 1849 4494 Regia
1898 4408 2430 4494 progenitoribus
2475 4409 2612 4477 suis

365 4518 519 4585 olim
554 4516 886 4602 collatam,
921 4523 988 4583 et
1019 4537 1136 4603 per
1172 4536 1583 4603 consequens
1615 4539 1659 4585 a
1690 4517 1966 4585 Nicolao
2002 4516 2140 4585 filio
2174 4517 2294 4586 Jus
2326 4524 2609 4605 cognato

366 4627 657 4712 ipsorum
689 4623 777 4691 ad
809 4644 922 4694 eos
954 4627 1352 4710 deuolutam,
1387 4628 1453 4693 in
1490 4634 1772 4711 quatuor
1802 4633 2027 4713 partes
2061 4629 2327 4711 equales
2350 4625 2613 4692 diuisis-

363 4741 530 4820 sent,
563 4741 627 4820 et
659 4740 953 4818 quartam
982 4740 1238 4823 partem
1273 4735 1565 4807 eiusdem
1614 4745 1796 4807 terre
1825 4735 2084 4805 Turnus
2117 4735 2418 4809 Chondol
2461 4754 2609 4804 cum
