3416 5313
1367 436 1394 443 -
1463 346 1587 411 183

1453 1008 1600 1075 122.

400 1211 532 1273 ΙΙΙ.
565 1210 781 1274 Endre
809 1207 1022 1294 kirdly
1055 1208 1242 1272 Peter
1271 1205 1428 1293 qrdf
1451 1209 1749 1291 kere'ee're,
1784 1210 1845 1272 e'e
1878 1209 2201 1273 tekintetbe
2251 1212 2392 1273 ve've
2444 1214 2643 1277 ennelc

400 1316 557 1381 badi
588 1320 873 1404 ere'nyeit‚
907 1320 1110 1402 dtirja
1141 1317 1572 1403 esmeyerb'siti
1600 1316 1895 1382 Demeter
1914 1319 2223 1403 pozsonyi
2240 1316 2641 1403 faispcinnak

518 1425 735 1492 Semke
760 1426 1082 1490 biv-tolcam
1113 1425 1453 1489 vonatkozc5
1483 1446 1695 1511 uyyan
1730 1425 2005 1489 1298-Ῑοὶ
2033 1424 2283 1491 ἰιέίειέί.
2327 1428 2521 1494 1298.

613 1624 916 1692 Andreas
936 1623 1062 1691 Dei
1081 1623 1310 1710 gracia
1331 1623 1689 1705 Hungarie‚
1720 1622 2076 1706 Dalmacie,
2099 1623 2392 1708 Croacie‚
2414 1626 2639 1713 Reme,

266 1816 274 1823 ,
402 1734 646 1816 Servje,
681 1732 972 1815 Gallicie,
997 1731 1401 1815 Lodomerie,
1435 1731 1766 1817 Comanie‚
1802 1731 2239 1818 Bulgarieque
2271 1735 2414 1801 Rex
2435 1737 2637 1802 omni-

402 1845 521 1912 bns
555 1843 790 1911 Christi
848 1841 1142 1909 fidelibus
1183 1861 1455 1925 presens
1487 1845 1800 1926 scriptum
1835 1841 2226 1924 inspecturis
2261 1845 2538 1912 salutem
2571 1846 2640 1912 in

401 1976 498 2036 eo,
535 1953 640 2035 qui
673 1960 771 2019 est
804 1952 982 2018 salus
1016 1958 1079 2017 et
1118 1951 1273 2017 uita.
1330 1953 1454 2017 Pro
1489 1952 1738 2018 meritis
1792 1951 2188 2019 subditorum
2223 1952 2428 2038 Regie
2463 1950 2637 2041 (igy)

399 2061 786 2132 Sublimitas
818 2062 1072 2145 apicem
1099 2061 1409 2126 conuenit
1442 2060 1759 2128 inclinare
1792 2060 2048 2127 bellicis
2082 2059 2426 2129 sudoribus
2457 2063 2637 2129 dam-

397 2168 695 2254 psillitati
729 2164 900 2254 (igy)
932 2169 1198 2250 Regalis
1233 2168 1456 2252 gracie
1491 2166 1910 2233 occurrendo.
1945 2166 2224 2235 Proinde
2260 2170 2349 2237 ad
2384 2170 2635 2238 vniuer-

393 2297 608 2345 sorum
635 2285 769 2343 tam
790 2278 1223 2363 presencium,
1259 2295 1449 2358 quam
1485 2277 1836 2343 futurorum
1864 2275 2168 2343 noticiam
2202 2276 2434 2344 harum
2467 2280 2637 2347 serie

392 2388 694 2455 volumus
726 2386 1087 2471 peruenire,
1124 2383 1295 2467 quod
1318 2384 1556 2452 nobilis
1581 2386 1675 2449 vir
1700 2384 1933 2450 Comes
1966 2386 2198 2453 Petrus
2232 2384 2405 2455 filius
2438 2386 2635 2456 Thvl-

390 2516 525 2585 uoy
566 2497 649 2562 de
672 2494 994 2562 Comitatu
1015 2495 1408 2560 Posoniensi
1429 2491 1513 2559 ad
1537 2500 1827 2560 nostram
1857 2494 2182 2563 accedens
2204 2497 2634 2584 presenciam,

391 2605 641 2674 exibuit
674 2600 844 2691 (igy)
879 2603 1068 2670 nobis
1102 2610 1401 2688 patentes
1437 2603 1698 2670 litteras
1732 2604 2035 2690 magistri
2073 2607 2389 2692 Demetrij
2427 2606 2637 2675 Comi-

390 2719 474 2782 tis
509 2717 593 2782 de
625 2715 906 2782 Posonio
959 2722 1022 2781 et
1078 2714 1161 2782 de
1211 2716 1486 2780 Zoulum
1509 2768 1526 2801 ‚
1564 2715 1799 2800 petiuit
1833 2736 1953 2782 nos
1987 2737 2131 2783 cum
2182 2717 2530 2801 instancia,
2565 2726 2637 2785 nt

388 2823 575 2909 ipsas
608 2825 860 2893 litteras
880 2831 1062 2890 ratas
1086 2824 1410 2890 habentes
1434 2830 1501 2891 et
1534 2831 1846 2912 acceptas
1871 2826 1953 2890 de
1988 2825 2392 2908 benignitate
2424 2827 2634 2913 Regia

391 2940 610 2998 nostro
643 2934 1062 3019 dignaremur
1086 2933 1432 3018 priuilegio
1467 2932 1868 3000 confirmare.
1904 2933 2189 3012 Quarum
2223 2933 2489 3018 quidem
2519 2955 2631 3020 pa-

389 3042 671 3108 tencium
706 3042 1064 3108 litterarum
1099 3052 1288 3107 tenor
1320 3041 1474 3109 talis
1509 3049 1611 3108 est
1645 3066 1659 3106 :

602 3154 740 3218 Nos
771 3152 1086 3236 Magister
1117 3151 1491 3219 Demetrius
1525 3151 1646 3216 stb.
1683 3146 1853 3238 (mint
1885 3158 2054 3212 alabb
2096 3159 2237 3214 134.
2276 3177 2348 3212 sz.
2384 3149 2464 3235 a.)

603 3262 741 3327 Nos
774 3262 967 3345 igitur
1019 3262 1208 3328 iustis
1240 3261 1678 3345 peticionibus
1714 3260 1990 3346 predicti
2032 3259 2297 3327 Comitis
2332 3260 2505 3326 Petri
2537 3261 2629 3326 fa-

391 3369 768 3436 uorabiliter
818 3368 1152 3452 inclinati,
1205 3370 1386 3453 ipsas
1419 3369 1673 3436 litteras
1714 3389 1846 3433 non
1881 3368 2179 3452 abrasas,
2213 3387 2343 3434 non
2377 3368 2631 3437 cancel—

392 3482 586 3556 latas,
623 3501 744 3548 nec
776 3482 997 3561 aliqua
1029 3479 1131 3546 sui
1169 3487 1359 3562 parte
1400 3481 1676 3547 viciatas
1695 3532 1713 3564 ,
1767 3478 1850 3544 de
1885 3483 2082 3546 uerbo
2117 3478 2201 3543 ad
2235 3477 2504 3544 uerbum
2534 3478 2631 3546 in·

389 3594 520 3660 seri
550 3592 856 3675 fecimus,
891 3591 1278 3657 auctoritate
1318 3590 1730 3675 presencium
1773 3588 2076 3657 duximus
2129 3586 2629 3658 confirmandas.

392 3701 970 3786 consideratisque
1021 3699 1441 3767 fidelitatibus
1477 3707 1540 3765 et
1574 3700 1995 3766 seruiciorum
2052 3698 2299 3766 meritis
2349 3698 2630 3786 predicti

390 3809 659 3877 Comitis
679 3809 877 3893 Petri,
912 3827 1036 3891 que
1068 3808 1260 3876 nobis
1294 3809 1357 3872 in
1392 3803 1672 3876 diuersis
1708 3811 1917 3893 Regni
1951 3810 2157 3876 nostri
2189 3808 2629 3896 expedicioni-

388 3921 511 3987 bus
547 3937 804 4005 semper
839 3925 903 3986 et
924 3917 1163 4002 ubique
1203 3939 1350 3983 cum
1385 3918 1560 3985 omni
1595 3918 1852 3986 feruore
1886 3919 2221 3985 fidelitatis
2257 3918 2548 3985 exhibuit
2566 3925 2632 3985 et

389 4027 728 4113 impendit,
782 4036 847 4093 et
877 4028 1252 4114 specialiter
1286 4048 1428 4093 cum
1480 4048 1599 4097 nos
1634 4027 2021 4111 magistrum
2073 4028 2469 4095 Demetrium
2513 4031 2629 4097 Oo-

392 4137 614 4204 mitem
646 4136 729 4203 de
761 4137 1041 4203 Posonio
1074 4147 1138 4204 et
1171 4137 1249 4204 de
1273 4136 1543 4204 Zoulum
1577 4143 1805 4205 contra
1839 4137 2163 4203 dominum
2187 4135 2487 4203 Adolfum
2506 4139 2629 4203 Re-

392 4265 540 4333 gem
572 4247 1004 4311 Romanorum
1043 4267 1321 4314 vnacum
1363 4246 1625 4313 domino
1660 4247 1932 4312 Alberto
1965 4253 2117 4313 tunc
2148 4250 2332 4315 Duce
2367 4247 2627 4313 Austrie

390 4361 453 4420 et
485 4355 703 4443 Styrie
737 4354 1162 4441 misissemuS‚
1190 4354 1296 4420 ubi
1317 4355 1490 4421 idem
1511 4356 1748 4421 Petrus
1798 4353 2215 4423 laudabiliter
2252 4352 2625 4422 dimicando

390 4467 672 4546 quinque
704 4463 1053 4532 nobiliores
1089 4472 1152 4531 et
1172 4463 1672 4549 sollempniores
1704 4463 1948 4531 milites
1981 4465 2365 4550 captiuauit,
2401 4472 2466 4532 et
2496 4464 2624 4530 duo

387 4573 615 4639 letalia
648 4574 905 4659 excepit
945 4575 1213 4658 wlnera,
1252 4576 1424 4656 quod
1459 4576 1645 4641 nobis
1680 4593 1799 4659 per
1831 4574 2230 4643 relacionem
2265 4572 2625 4640 ueridicam

387 4681 675 4750 eiusdem
698 4683 994 4770 magistri
1013 4685 1331 4771 Demetrij
1355 4684 1639 4751 seriatim
1662 4678 1874 4750 extitit
1899 4683 2232 4752 euidenter
2253 4707 2269 4768 3
2305 4701 2421 4767 pro
2443 4680 2621 4749 dam·
