3416 5313
1819 374 1945 441 140

1826 1049 1942 1114 88.

769 1236 826 1303 A
859 1240 1097 1303 turo'czi
1125 1224 1381 1307 konvcnt
1417 1243 1936 1330 bizonysa'qlevele
1973 1244 2257 1329 bizonyos
2294 1240 2762 1308 birtokcsere'ro'l
2796 1239 3009 1325 Lipto‘i

1022 1346 1237 1411 Behar
1251 1349 1382 1433 fiai
1413 1353 1474 1413 6⁸
1504 1373 1545 1411 a
1579 1351 1740 1434 lipffl
1769 1351 2053 1437 va‘raljai
2082 1352 2299 1435 leoz-369
2328 1352 2485 1415 kb‘zt.
2522 1351 2717 1413 1295.

976 1545 1310 1611 Vniuersis
1359 1552 1696 1632 presentes
1733 1549 1987 1617 litteras
2019 1548 2436 1635 inspecturis.
2470 1549 2531 1616 J.
2566 1548 3011 1614 miseracione

762 1650 1008 1717 Diuina
1056 1652 1436 1740 Prepositus
1471 1665 1536 1723 et
1586 1656 1966 1725 Conuentus
2001 1658 2297 1724 Ecclesie
2329 1660 2533 1723 Beate
2581 1654 2874 1737 Virginis
2923 1653 3013 1718 de

761 1760 1019 1828 Turuch
1053 1762 1317 1830 Ordinis
1349 1748 1974 1834 Premonstratensis
2014 1767 2294 1833 salutem
2327 1767 2395 1832 in
2448 1765 2735 1833 omnium
2785 1762 3004 1829 salua-

759 1879 917 1933 tore.
950 1868 1158 1946 Quum
1191 1877 1261 1934 ut
1294 1872 1528 1954 queuis
1561 1872 1916 1957 disposicio
1956 1881 2151 1959 gesta
2194 1874 2314 1940 sub
2348 1879 2641 1957 tempore
2677 1872 2744 1936 in
2776 1869 3009 1937 ratitu-

758 1974 911 2043 dine
943 1977 1279 2060 habeatur,
1335 1978 1801 2062 scripturarum
1834 1986 2170 2050 consueuit
2200 1979 2578 2048 testimonio
2612 1976 2830 2044 fulciri
2850 1999 2884 2062 ;w
2921 1974 3008 2040 ad

757 2086 1200 2152 vniuersorum
1248 2086 1448 2171 igitur
1477 2088 1787 2156 noticiam
1819 2093 2044 2156 tenore
2077 2089 2493 2173 presencium
2523 2086 2826 2154 uolumus
2859 2104 3005 2170 per·

756 2193 1003 2275 uenire,
1037 2193 1212 2275 quod
1245 2213 1390 2259 cum
1421 2196 1809 2284 Donyzlaus
1834 2196 1917 2263 de
1950 2198 2107 2269 villa
2139 2196 2439 2263 Waralia
2471 2197 2553 2262 de
2586 2196 2851 2282 Lyptou
2883 2212 3007 2277 pro

757 2300 1057 2368 omnibus
1107 2302 1372 2387 populis
1423 2311 1489 2371 et
1539 2304 1803 2373 villanis
1837 2304 1920 2371 de
1952 2306 2183 2371 eadem
2214 2304 2377 2372 villa
2425 2300 2744 2384 Waralia‚
2775 2309 2842 2368 et
2871 2320 3008 2368 una

757 2428 898 2473 cum
933 2408 1266 2475 Demetrio
1288 2409 1422 2476 filio
1454 2412 1644 2478 Pauli
1681 2411 1941 2477 homine
1972 2412 2305 2497 prouincie
2337 2412 2419 2478 de
2453 2411 2715 2498 Lyptou
2750 2409 2839 2475 ab
2874 2427 3010 2475 una

754 2523 960 2600 parte,
995 2514 1344 2602 Omodeus,
1366 2519 1704 2588 Johannes
1738 2527 1807 2588 et
1836 2521 2078 2587 Paulus
2110 2519 2227 2587 filii
2259 2519 2480 2586 Behar
2520 2520 2608 2586 ab
2640 2520 2880 2602 altera,
2918 2517 3011 2584 ad

754 2632 1045 2693 nostram
1084 2628 1524 2711 personaliter
1569 2628 2007 2695 accessissent
2036 2629 2472 2713 presenciam,
2504 2624 2705 2712 ijdem
2739 2626 3004 2714 Donyz·

753 2735 901 2801 laus
934 2740 1000 2800 et
1047 2735 1420 2803 Demetrius
1473 2735 1738 2800 oraculo
1791 2735 1941 2800 vive
1975 2737 2155 2802 uocis
2190 2734 2288 2801 sic
2322 2733 2653 2817 dixerunt,
2693 2734 2874 2817 quod
2922 2753 3010 2800 ex

753 2848 1065 2926 precepto
1097 2844 1173 2912 A.
1206 2843 1331 2909 Dei
1359 2842 1588 2929 gracia
1621 2844 1824 2925 Regis
1856 2841 2216 2925 Hungarie,
2250 2847 2316 2905 et
2345 2839 2650 2924 magistri
2681 2841 3011 2922 Demetrij

753 2947 1021 3014 Comitis
1053 2947 1135 3016 de
1155 2952 1423 3017 Zoulum
1456 2970 1574 3035 pro
1606 2954 1898 3035 tempore
1918 2948 2249 3017 constituti
2269 2947 2583 3033 Omodeo‚
2618 2946 2911 3015 Johanni
2943 2956 3013 3016 et

754 3060 959 3125 Paulo
990 3061 1388 3145 supradictis
1419 3081 1536 3145 pro
1568 3065 1753 3127 terra
1803 3058 2091 3143 ipsorum
2114 3111 2133 3145 ‚
2169 3076 2361 3143 quam
2398 3056 2826 3136 communiter
2858 3075 3005 3123 cum

753 3169 1017 3252 populis
1049 3169 1133 3235 de
1163 3170 1326 3238 villa
1359 3170 1657 3238 Waralia
1681 3189 1725 3235 a
1757 3176 2048 3254 tempore
2065 3154 2138 3230 B.
2171 3166 2299 3232 Dei
2330 3165 2561 3249 gracia
2580 3166 2787 3250 Regis
2822 3164 2999 3231 Hun-

752 3274 938 3358 garie
969 3274 1162 3343 beate
1194 3273 1496 3342 memorie
1528 3270 1974 3358 possidebant,
2006 3272 2205 3355 iidem
2236 3269 2465 3355 populi
2497 3271 2580 3336 de
2614 3270 2777 3336 villa
2812 3270 3006 3338 War-

752 3381 892 3451 alia
922 3377 1069 3469 pari
1120 3386 1455 3452 uoluntate
1506 3391 1573 3450 et
1606 3401 1963 3463 consensu,
2014 3379 2078 3446 in
2130 3380 2581 3447 concambium
2613 3387 2793 3446 terre
2828 3379 3011 3465 ipso-

752 3508 893 3557 rum
924 3489 1056 3556 iam
1091 3489 1267 3558 dicte
1304 3490 1486 3557 iuxta
1516 3487 1783 3557 fluuium
1814 3489 2118 3575 Zelnyce,
2153 3486 2238 3552 ab
2273 3506 2408 3553 una
2439 3492 2633 3573 parte
2665 3484 3013 3572 distincta,

755 3598 1262 3682 assignauerunt
1292 3604 1357 3663 et
1380 3595 1695 3665 dederunt
1715 3601 1957 3663 terram
1988 3596 2134 3662 usui
2166 3594 2440 3661 duorum
2462 3604 2837 3663 aratrorum
2870 3592 3016 3662 suf-

758 3706 1100 3790 ficientem,
1133 3706 1296 3792 ipsis
1329 3704 1642 3790 OmodeO,
1683 3703 1971 3771 Johanni
2004 3709 2070 3770 et
2102 3703 2311 3770 Paulo
2344 3703 2750 3786 memoratis,
2787 3709 2854 3769 et
2889 3721 3013 3788 per

757 3831 872 3881 eos
904 3814 1191 3899 ipsorum
1220 3813 1576 3882 heredibus
1595 3811 2032 3893 heredumque
2064 3811 2555 3879 successoribus
2589 3810 2734 3878 iure
2764 3830 3003 3896 perpe-

755 3930 867 3987 tuo
885 3919 1396 3990 irreuocabiliter
1429 3917 1916 4006 possidendam.
1947 3918 2144 3987 Cuius
2182 3916 2449 3999 quidem
2470 3922 2646 3984 terre
2668 3923 2848 3986 mete
2878 3918 3013 3986 hoc

650 4024 656 4029 ’
753 4026 983 4094 ordine
1005 4026 1459 4109 distinguntur.
1493 4026 1714 4093 Prima
1731 4031 1908 4091 meta
1938 4022 2190 4109 incipit,
2224 4022 2333 4090 ubi
2358 4042 2531 4107 aqua
2569 4022 2867 4111 Zelnyce
2900 4047 3015 4093 ca-

754 4133 850 4200 dit
878 4133 945 4199 in
975 4132 1326 4219 Waagery,
1360 4139 1426 4198 et
1445 4131 1654 4199 tendit
1673 4133 1973 4217 superius
1994 4150 2109 4215 per
2141 4129 2423 4198 eandem
2448 4151 2692 4217 aquam
2727 4131 2817 4198 ad
2855 4152 3019 4219 sep—

754 4242 1186 4326 temtrionem,
1209 4247 1277 4309 et
1295 4240 1480 4308 uadit
1513 4242 1602 4308 ad
1619 4243 1832 4308 locum
1870 4238 2260 4327 molendyni,
2298 4249 2364 4308 et
2384 4239 2649 4310 scandit
2665 4261 2788 4327 per
2807 4260 3012 4309 unum

755 4350 1071 4419 fossatum
1102 4350 1341 4419 iterato
1373 4350 1463 4417 ad
1494 4368 1731 4431 aquam
1765 4349 2069 4435 Zelnyce,
2101 4356 2167 4417 et
2196 4351 2538 4434 paululum
2568 4352 3015 4420 ascendendo

761 4458 895 4526 exit
925 4478 1125 4543 supra
1156 4459 1621 4544 molendynum
1653 4456 1963 4543 Tiburcij‚
1996 4464 2062 4523 et
2079 4458 2479 4527 transeundo
2512 4459 2854 4543 quoddam
2887 4483 3014 4527 mo·

758 4568 908 4630 char
937 4566 1172 4634 transit
1220 4565 1287 4632 in
1321 4585 1515 4633 unam
1568 4567 1742 4632 uiam
1791 4563 1878 4631 ad
1923 4583 2117 4629 unum
2150 4564 2324 4649 telck,
2376 4573 2442 4633 et
2474 4584 2593 4651 per
2630 4565 3018 4636 distinccio·

757 4694 905 4742 nem
934 4673 1108 4743 illius
1132 4673 1289 4740 tclok
1317 4673 1533 4760 tangit
1561 4691 1798 4757 aquam
1817 4671 2185 4760 Sesterche,
2224 4680 2289 4741 et
2319 4673 2507 4743 uadit
2536 4677 2844 4759 superius
2896 4699 3019 4767 per
