3416 5313
1347 369 1476 436 155

313 570 381 635 in
407 570 515 654 jus
550 570 976 648 traherentur,
1013 568 1187 634 idem
1224 588 1369 635 cum
1395 568 1648 652 prefato
1680 566 1881 633 fratre
1907 584 2044 653 su0,
2070 577 2135 636 et
2168 570 2269 635 sui
2290 588 2542 636 succes-

308 697 514 764 sores,
548 681 824 767 populos
877 675 1216 765 sepefatos
1267 673 1579 761 expedire
1617 681 1991 744 tenerentur
2039 676 2329 762 propriis
2363 678 2545 746 labo-

303 787 489 855 ribus
520 794 590 854 et
637 785 968 874 expensis,
1002 791 1069 853 et
1099 788 1165 853 in
1213 783 1490 872 pacifica
1520 788 1947 872 possessione
1977 785 2133 854 dicti
2182 787 2418 855 montis
2450 787 2543 853 in-

179 960 186 963 ,
304 893 676 981 dempniter
706 910 1118 964 conseruare.
1171 893 1247 958 In
1280 891 1461 960 cuius
1499 891 1595 960 rei
1629 892 2029 970 memoriam,
2081 891 2543 983 testimonium,

303 1011 824 1091 perpetuamque
869 1001 1241 1071 firmitatem
1290 1008 1632 1089 presentes
1667 1002 2111 1070 concessimus
2142 1000 2420 1088 litteras,
2458 1005 2544 1071 si-

303 1114 448 1200 gilli
477 1113 690 1180 nostri
719 1111 1071 1180 munimine
1120 1112 1483 1179 roboratas.
1534 1114 1778 1179 Datum
1824 1110 2171 1198 Mychaele
2201 1111 2543 1198 Prepesito

303 1223 536 1290 Electo
568 1220 1017 1308 Zagrabiensi,
1064 1220 1385 1306 Gregorio
1439 1220 1721 1288 Cantore
1742 1270 1759 1304 ‚
1796 1222 2005 1289 Paulo
2058 1218 2339 1288 Custode
2359 1271 2377 1305 ,
2418 1219 2549 1286 An-

303 1333 476 1400 drea
508 1333 773 1400 Decano
807 1330 1107 1402 Ecclesie
1137 1336 1362 1397 nostre
1393 1328 1848 1415 existentibuS,
1901 1349 2075 1396 anno
2113 1329 2380 1397 Domini
2410 1328 2550 1396 mil-

300 1439 540 1511 lesimo
574 1441 1021 1509 ducentesimo
1054 1437 1482 1525 nonagesimo
1513 1444 1722 1507 sexto.

751 1636 1034 1705 (Teutsch
1058 1635 1120 1695 es
1145 1634 1468 1694 Firnhaber
1491 1635 1569 1694 id.
1597 1654 1668 1692 m.
1696 1634 1739 1691 Ι.
1766 1636 1885 1692 kot-
1911 1634 2030 1694 19⁷.
2058 1631 2120 1704 1.)

1195 1944 1686 1955 ——-—-———-—

1328 2467 1491 2532 100.

293 2669 604 2733 Lodome'r
639 2669 1001 2753 eszte2·9ami
1049 2668 1238 2752 eraclo,
1289 2667 1447 2729 mint
1497 2666 1951 2753 eyyszeo·smind
1980 2689 2056 2729 az
2088 2667 2357 2753 apostoli
2400 2660 2545 2732 sze'k

291 2777 614 2842 kikvztldmt
667 2778 897 2864 biv-dja,
932 2800 973 2840 α
1026 2778 1363 2863 veszpre'mi
1405 2777 1651 2862 piispiilc
1701 2779 1764 2840 es
1802 2798 1878 2840 az
1927 2775 2185 2840 6-budai
2231 2776 2543 2863 Icciptalan

290 2888 453 2969 k'o'zt,
494 2908 535 2949 a
572 2886 768 2951 bu-dai
808 2885 1047 2951 tizcdck
1103 2885 1459 2970 tdryydban
1495 2882 1688 2970 folyo'
1722 2884 1959 2970 perben
2007 2907 2049 2947 a
2095 2885 2413 2970 hatdrnap
2460 2884 2540 2948 el-

919 2993 1302 3059 halasztciscit
1342 2991 1697 3058 hatdrozza.
1736 2993 1932 3059 1296.

514 3193 944 3263 Lodomerius
996 3190 1431 3259 miseracione
1471 3188 1726 3259 Diuina
1774 3188 2334 3278 Archiepisccpus
2381 3192 2539 3259 Stri-

290 3303 636 3395 goniensis
687 3303 945 3386 locique
998 3302 1294 3389 ejusdem
1329 3301 1563 3369 Comes
1597 3304 1969 3387 perpetuus,
2011 3300 2393 3386 Apostolice
2429 3304 2541 3370 Se-

290 3415 399 3482 dis
422 3413 627 3498 judex
660 3410 1027 3502 delegatus,
1060 3409 1200 3477 viro
1252 3409 1535 3478 discreto
1587 3408 1902 3493 Magistro
1953 3411 2254 3479 Emerieo
2304 3411 2541 3481 Maiori

294 3521 784 3591 Archidiacono
835 3520 1125 3589 eiusdem
1160 3518 1630 3604 Strigoniensis
1658 3518 1978 3604 Ecclesie,
2014 3511 2268 3606 college
2299 3542 2418 3590 suo
2453 3525 2539 3590 ab

241 3687 252 3696 .
291 3630 529 3700 eadem
562 3628 734 3697 Sede
759 3626 971 3713 judici
1004 3624 1339 3713 delegato,
1374 3627 1653 3696 salutem
1702 3627 1773 3693 in
1801 3600 2100 3695 Domin'o.
2155 3632 2233 3698 In
2284 3632 2538 3700 octauis

288 3738 525 3808 Sancti
555 3736 755 3822 Regis
789 3735 1129 3822 Stephani,
1178 3734 1487 3803 videlicet
1521 3742 1707 3803 sexto
1761 3737 2087 3803 kalendas
2133 3735 2533 3824 Septembris

290 3844 381 3915 ad
413 3842 897 3934 procedendum
948 3843 1016 3911 in
1046 3862 1271 3930 causa,
1306 3864 1429 3927 que
1460 3845 1736 3913 vertitur
1785 3844 1951 3912 inter
1987 3844 2307 3915 discretos
2358 3836 2536 3917 viros

287 3952 705 4040 Prepositum
739 3957 803 4017 et
823 3951 1199 4038 Capitulum
1234 3952 1558 4022 Budensis
1592 3955 1891 4025 Ecclesie
1925 3962 2241 4039 tanquam
2273 3964 2534 4028 actores

291 4085 377 4133 ex
410 4086 542 4134 una
574 4070 782 4153 parte,
825 4071 891 4133 et
926 4066 1365 4136 venerabilem
1396 4074 1651 4154 patrem
1684 4067 2233 4153 Vesprimiensem
2265 4072 2537 4158 Episco-

288 4197 447 4263 pum
478 4195 562 4243 ex
591 4176 830 4256 altera,
862 4197 994 4244 non
1022 4197 1367 4264 possumus
1397 4179 1525 4247 hac
1556 4178 1701 4248 viee
1735 4177 1910 4265 apud
1951 4180 2356 4268 Strigonium
2389 4204 2537 4272 per-

281 4285 601 4355 sonaliter
630 4285 991 4369 interesse,
1042 4287 1268 4373 Regiis
1323 4292 1388 4353 et
1418 4287 1701 4375 publicis
1736 4288 1950 4374 Regni
2002 4291 2296 4376 negociis
2328 4291 2531 4379 impe-

280 4394 420 4462 diti.
459 4390 873 4463 DIscrecioni
915 4391 1170 4481 (igitur)
1205 4402 1425 4464 uestre
1459 4395 1758 4465 duximus
1812 4398 2208 4466 auctoritate
2256 4420 2528 4486 presen-

283 4503 455 4570 cium
488 4503 1041 4591 committendum,
1080 4512 1400 4589 quatenus
1449 4508 1662 4593 ipsum
1695 4508 2035 4592 negocium
2068 4506 2295 4577 eodem
2328 4516 2524 4596 statu,

279 4614 448 4684 sieut
478 4616 547 4681 in
577 4616 750 4683 actis
779 4615 987 4701 ipsius
1038 4616 1294 4686 termini
1348 4617 1728 4700 continetur,
1762 4625 1991 4686 nostra
2044 4624 2111 4686 et
2142 4625 2366 4690 uestra
2414 4638 2532 4686 au-

281 4724 605 4809 ctoritate,
649 4724 1118 4793 interueniente
1150 4743 1471 4795 consensu
1504 4725 1960 4795 nichilominus
2005 4728 2305 4813 magistri
2338 4728 2529 4798 Nico-
