3416 5313
1844 371 1969 435 118

800 569 935 637 niet
965 568 1180 651 aliqua
1212 571 1476 635 racione
1499 618 1517 652 ‚
1570 568 1837 652 ingenio
1873 566 2013 635 sive
2049 585 2251 634 causa
2287 566 2371 633 de
2396 567 2550 652 jure
2595 568 2702 634 vel
2734 564 2815 631 de
2848 566 3022 632 facto

801 673 922 746 sub
952 696 1125 764 pena
1160 676 1467 743 librarum
1522 675 1796 744 duorum
1846 675 2122 742 millium
2168 676 2671 757 quingentorum
2722 673 3024 742 denario-

801 803 941 850 rum
976 783 1373 857 Venetorum
1408 803 1772 870 parvorum,
1813 784 2090 852 solemni
2132 782 2571 867 stipulacione
2605 782 2932 869 promissa
2966 786 3028 849 et

666 948 672 955 .
800 892 1211 975 obligacione
1268 892 1552 959 omnium
1587 894 1901 961 bonorum
1959 891 2152 959 dicte
2184 892 2682 959 Communitatis
2736 896 2802 955 et
2832 888 3029 958 homi·

796 1019 947 1068 num
978 1002 1169 1068 None
1192 999 1524 1067 mobilium
1559 1007 1623 1065 et
1644 1000 2089 1084 immobilium,
2112 1000 2522 1086 presencium
2558 1008 2623 1065 et
2642 1000 3027 1067 futurorum.

796 1109 966 1175 Acta
999 1112 1063 1173 et
1091 1106 1349 1173 firmata
1381 1107 1648 1176 fuerunt
1678 1110 1979 1192 predicta
2011 1109 2129 1175 sub
2165 1110 2346 1193 logia
2377 1128 2620 1193 magna
2655 1107 3027 1174 Communis
3113 1098 3121 1109 ’

800 1217 1022 1301 Jadre,
1072 1215 1491 1303 presentibus
1526 1213 1808 1283 dominis
1843 1216 2121 1283 Volzina
2153 1216 2237 1283 de
2266 1215 2650 1290 Matafart0‚
2684 1214 2911 1299 Bogde
2947 1216 3032 1282 de

801 1324 1234 1407 Lourethena,
1272 1322 1597 1392 Michaele
1650 1327 1733 1391 de
1767 1325 2124 1405 Varicasa‚
2161 1322 2380 1389 Micha
2420 1323 2727 1401 RicariO,
2781 1331 2848 1391 et
2879 1322 3035 1391 Gre-

802 1431 984 1517 gorio
1017 1432 1189 1500 dicto
1223 1431 1472 1500 Gresco
1496 1432 1580 1498 de
1613 1434 1861 1500 Botone
1897 1431 2150 1499 civibus
2196 1431 2421 1517 Jadre,
2455 1438 2518 1497 et
2550 1431 2701 1498 aliis
2732 1431 3033 1517 pluribus

803 1539 893 1607 ad
924 1538 1044 1606 hec
1077 1539 1331 1608 vocatis
1366 1547 1431 1606 et
1461 1543 1734 1625 rogatis.

1976 1631 2115 1716 Ego
2163 1627 2484 1698 Antonius
2533 1629 2859 1711 quondam
2910 1631 3033 1695 Ro-

1866 1739 2151 1805 landuzii
2178 1739 2260 1804 de
2280 1739 2575 1805 Bononia
2601 1740 2941 1825 Imperiali
2972 1751 3037 1803 et

1890 1848 2285 1916 Prefectoria
2313 1849 2711 1918 auctoritate
2730 1847 2949 1914 Judex
2972 1854 3039 1914 et

1870 1957 2182 2047 Notarius
2235 1956 2543 2039 predictis
2593 1956 2894 2021 omnibus
2941 1956 3035 2020 in·

1866 2065 2076 2148 terfui,
2113 2069 2175 2131 et
2205 2071 2495 2150 utsupra
2546 2064 2800 2149 legitur,
2846 2081 3035 2145 roga-

1870 2176 1976 2237 tus
2009 2170 2275 2256 publice
2307 2170 2560 2257 scripsi.
2665 2236 2670 2241 ,

1604 2365 1697 2435 (n.
1726 2384 1776 2422 0.
1803 2365 1901 2420 111.
1927 2366 2046 2422 ket.
2075 2367 2165 2424 το.
2188 2366 2251 2434 1.)

1722 2659 2110 2669 w

1855 3215 1963 3282 73.

805 3414 929 3484 III.
981 3417 1195 3481 Endre
1232 3416 1448 3502 kirdly
1486 3416 1832 3499 meyerb'eiti
1877 3413 2140 3478 Mdrton
2189 3415 2739 3502 alorszdybirdnak
2789 3443 2831 3483 a
2879 3442 3043 3487 vesz·

794 3527 1003 3613 pre'mi
1032 3524 1463 3611 ka'ptalannak
1494 3523 1909 3611 nayybere'nyi
1946 3525 2291 3589 birtokdrdl
2324 3528 2514 3592 1294.
2568 3526 2768 3592 hozott
2797 3529 3040 3596 iteletet.

1829 3634 2019 3697 1295.

1060 3831 1366 3898 Andreas
1429 3831 1554 3898 Dei
1618 3831 1848 3915 gracia
1895 3831 2185 3917 Ungarie
2209 3883 2227 3916 ,
2293 3833 2639 3920 Dalmacie
2659 3889 2679 3924 ‚
2743 3836 3039 3927 Oroacie‚

808 3944 1014 4010 Bame
1033 3993 1052 4026 ‚
1085 3941 1312 4008 Seruie
1334 3993 1351 4025 ‚
1388 3941 1706 4029 G'allicie‚
1740 3942 2165 4031 Lodomerie,
2217 3945 2567 4027 Cumanie,
2605 3948 3041 4033 Bulgarieque

808 4054 950 4118 Rex
982 4051 1304 4118 vniuersis
1324 4051 1567 4120 Christi
1600 4049 1925 4137 fidelibus,
1960 4064 2096 4120 tam
2129 4057 2548 4139 presentibus
2580 4077 2777 4141 quam
2808 4058 3042 4127 futuris

808 4160 1221 4247 presencium
1255 4160 1560 4226 noticiam
1600 4157 1923 4227 habituris
1958 4164 2240 4229 salutem
2274 4165 2341 4230 in
2376 4166 2657 4232 Domino
2690 4169 3033 4254 sempiter-

808 4289 979 4337 nam.
1031 4268 1134 4336 Ad
1185 4269 1628 4351 Vniuersorum
1668 4270 1978 4337 noticiam
2014 4277 2238 4339 tenore
2281 4277 2685 4357 presencium
2742 4277 3038 4345 volumus

807 4378 1147 4466 peruenire
1168 4430 1187 4463 ,
1237 4376 1410 4459 quod
1440 4373 1538 4442 vir
1569 4375 1894 4447 discretus
1935 4381 2251 4464 Magister
2286 4384 2703 4450 Andronicus
2736 4387 3040 4470 Preposi-

806 4496 914 4557 tus
944 4487 1500 4572 wesprimiensis,
1538 4486 1689 4556 aule
1735 4489 2000 4556 domine
2042 4492 2293 4578 Regine
2327 4492 2714 4561 charissime
2753 4493 3040 4562 Consor-

808 4597 895 4664 tis
924 4603 1145 4664 nostre
1177 4593 1836 4678 Vice-Oancellarius,
1877 4597 2150 4667 dilectus
2185 4609 2250 4668 et
2282 4601 2495 4669 fidelis
2528 4610 2769 4690 noster,
2810 4606 2896 4671 ad
2925 4622 3040 4669 no-

810 4715 1014 4775 stram
1054 4704 1378 4773 accedens
1406 4707 1826 4790 presenciam
1855 4708 2146 4776 exhibuit
2177 4714 2364 4782 nobis
2397 4712 2813 4799 privilegium
2833 4713 3042 4783 Comi-
