3416 5313
1374 371 1503 437 123

322 564 596 633 filiorum
631 564 910 647 Iuance,
965 583 1088 647 que
1119 567 1309 633 nobis
1360 568 1424 633 in
1459 566 1742 634 diversis
1781 567 1988 650 Regni
2038 563 2246 634 nostri
2279 565 2540 651 expedi-

321 674 618 743 cionibus
652 673 1072 740 laudabiliter
1103 673 1564 759 impenderunt
1595 676 1782 756 locis,
1833 682 1898 742 et
1932 675 2335 760 temporibus
2367 693 2552 760 opor-

322 784 512 864 tunis,
550 788 617 847 et
648 783 801 865 quia
834 783 1042 849 eciam
1073 784 1389 868 magister
1420 783 1796 868 Aladarius,
1820 783 2025 850 frater
2057 784 2370 870 ipsorum,
2400 781 2553 848 fide-

319 892 403 958 lis
433 891 622 957 miles
656 896 899 976 noster,
933 892 998 958 in
1020 892 1526 977 expugnacioue
1560 892 1763 958 castri
1788 892 2078 959 Adorian
2101 891 2342 976 uocati,
2379 890 2552 973 quod

320 999 584 1085 quidem
616 1006 902 1066 castrum
953 998 1371 1067 detinebatur
1422 1005 1654 1066 eontra
1685 1007 1981 1067 nostram
2037 1001 2313 1083 Regiam
2352 998 2551 1064 Maie-

320 1117 595 1190 statem,
636 1106 850 1172 extitit
901 1109 1331 1192 interemptus
1362 1160 1375 1189 ,
1427 1108 1790 1194 predictam
1825 1117 2067 1175 terram
2100 1107 2331 1195 Budey
2361 1125 2550 1174 uoca-

319 1226 470 1298 tam,
505 1234 704 1297 quam
733 1215 985 1282 Nikkel
1019 1222 1084 1281 et
1115 1217 1415 1305 Andreas
1450 1215 1567 1282 filii
1600 1217 1810 1300 Pauli,
1846 1222 1909 1281 et
1928 1215 2105 1283 filius
2138 1215 2348 1301 ipsius
2380 1211 2538 1281 Nik-

320 1326 432 1390 kel
464 1322 864 1409 Lubyan,'et
896 1325 1280 1391 Dominicus
1313 1325 1483 1393 filius
1519 1324 1813 1392 eiusdem
1831 1375 1848 1409 ‚
1882 1327 2122 1394 Gornel
2162 1333 2228 1392 et
2259 1325 2546 1410 Stepha-

319 1451 464 1516 nus,
500 1452 581 1495 ac
611 1429 725 1496 filii
760 1432 1093 1497 Valentini
1127 1440 1192 1498 et
1229 1434 1346 1499 filii
1379 1432 1693 1517 Chompo,
1721 1432 2163 1518 jobbagiones
2204 1434 2405 1500 castri
2441 1452 2552 1497 no-

317 1544 436 1606 stri
468 1540 905 1608 Musuniensis
938 1541 1410 1629 possidebant,
1469 1545 1577 1626 qui
1613 1562 1693 1611 eo
1726 1549 2020 1628 tempore
2045 1595 2062 1627 ,
2103 1564 2245 1611 cum
2286 1561 2403 1608 nos
2437 1561 2556 1629 per

317 1650 701 1735 magistrum
733 1646 1101 1717 Johannem
1136 1651 1339 1718 filium
1388 1651 1653 1718 Henrici
1684 1652 1853 1717 Baui
1902 1653 2151 1720 detenti
2203 1652 2553 1734 fueramus,

318 1758 527 1827 nostri
561 1741 748 1824 erant
781 1757 1114 1844 custodes,
1151 1779 1277 1845 per
1307 1759 1592 1826 eundem
1625 1760 1999 1845 magistrum
2034 1757 2409 1827 Johannem
2444 1759 2552 1824 de-

316 1866 567 1956 putati,
603 1873 666 1931 et
700 1872 928 1934 contra
960 1876 1248 1934 nostram
1306 1868 1577 1952 Regiam
1612 1868 2027 1936 Maiestatem
2074 1871 2551 1954 processerunt,
2681 1858 2686 1871 '

318 1977 385 2041 in
419 1974 808 2040 detencione
841 1982 1072 2042 nostra
1124 1996 1381 2043 omnem
1416 1976 1608 2044 nobis
1647 1976 1951 2063 injuriam
1993 1975 2334 2043 inferendo
2354 2026 2371 2059 ,
2406 1995 2553 2062 pro-

313 2092 461 2171 pter
493 2103 714 2150 eorum
766 2103 1071 2154 excessus
1122 2085 1490 2153 huiusmodi
1540 2086 1830 2153 notorios
1883 2088 2304 2163 manifestos,
2359 2090 2425 2152 et
2456 2085 2549 2149 in-

316 2191 702 2259 fidelitatem
753 2188 1035 2277 ipsorum
1088 2194 1541 2277 manifestam,
1600 2194 1680 2260 de
1714 2215 2082 2278 consensu,
2117 2195 2456 2263 voluntate
2486 2200 2554 2259 et

316 2301 734 2389 beneplacito
766 2302 1180 2370 Prelatorum
1231 2309 1297 2370 et
1328 2305 1660 2371 Baronum
1710 2305 1924 2391 Regni
1956 2305 2199 2387 nostri,
2258 2322 2340 2372 ac
2371 2300 2553 2369 nobi-

317 2410 472 2478 lium
531 2429 724 2494 quam
759 2408 1180 2496 plurimorum
1205 2465 1221 2497 ,
1276 2413 1360 2482 ab
1396 2413 1647 2481 eisdem
1683 2412 2062 2482 infidelibus
2100 2412 2340 2480 nostris
2375 2410 2552 2482 aufe-

317 2518 553 2603 rendo,
590 2518 963 2584 memoratis
1011 2520 1208 2586 Petro
1230 2568 1246 2600 ,
1302 2519 1619 2588 Ladislao
1655 2529 1721 2587 et
1756 2520 2043 2590 Johanni
2064 2572 2083 2606 ,
2131 2520 2282 2588 filiis
2313 2520 2554 2587 Iuance

249 2615 261 2629 ⁰
321 2645 402 2693 ac
436 2623 592 2691 filiis
623 2623 846 2694 fratris
881 2646 1103 2694 eorum
1153 2627 1453 2694 Aladarii
1485 2629 1865 2714 supradicti,
1901 2628 2200 2698 dedimus
2224 2680 2243 2714 ,
2279 2627 2553 2697 donavi·

318 2756 465 2803 mus
497 2741 563 2802 et
598 2736 987 2804 contulimus
1011 2787 1028 2819 ,
1079 2759 1206 2804 non
1238 2746 1372 2805 tam
1408 2738 1592 2826 ipsis,
1626 2758 1818 2825 quam
1853 2741 2145 2825 ipsorum
2177 2739 2551 2824 heredibus,

319 2843 762 2928 heredumque
817 2865 1074 2913 suorum
1128 2848 1620 2915 successoribus
1672 2850 1811 2914 iure
1845 2855 2162 2937 perpetuo
2195 2853 2264 2916 et
2294 2847 2550 2915 irreuo-

193 3027 197 3035 .
321 2951 622 3021 cabiliter
651 2952 927 3038 pacifice
958 2955 1428 3039 possidendam
1449 3009 1467 3041 ‚
1521 2958 1879 3024 tenendam
1912 2958 2159 3043 pariter
2210 2961 2276 3021 et
2304 2956 2551 3023 haben-

304 3064 493 3129 dam.
531 3061 606 3127 In
639 3063 822 3129 cuius
852 3063 948 3129 rei
982 3065 1365 3133 memoriam
1385 3119 1402 3152 ,
1441 3072 1959 3154 perpetuamque
1992 3066 2369 3133 firmitatem
2404 3083 2549 3151 pre-

321 3178 547 3241 sentes
583 3172 1025 3241 concessimus
1057 3174 1351 3258 litteras,
1391 3175 1669 3262 duplicis
1705 3175 1913 3263 sigilli
1955 3175 2160 3240 nostri
2195 3172 2550 3241 munimine

321 3282 689 3351 roboratas.
746 3283 988 3350 Datum
1036 3304 1153 3372 per
1203 3306 1438 3352 manus
1491 3284 1891 3354 venerabilis
1940 3283 2147 3374 patris
2197 3281 2551 3368 Theodori,

324 3391 450 3459 Dei
483 3392 711 3485 gracia
761 3391 1073 3479 Episcopi
1110 3394 1479 3462 Jauriensis
1504 3448 1522 3475 ,
1573 3396 1722 3465 aule
1757 3402 1978 3464 nostre
2021 3392 2549 3462 vice-Cancella·

324 3502 442 3584 rii,
478 3499 704 3567 dilecti
756 3506 820 3565 et
872 3501 1085 3569 fidelis
1137 3506 1386 3586 nostri,
1440 3523 1610 3571 anno
1647 3505 1732 3570 ab
1783 3497 2259 3573 Incarnacione
2292 3500 2552 3567 Domini

237 3656 239 3658 .
323 3608 422 3673 Μο
455 3607 597 3677 00⁰
628 3610 1055 3696 nonagesimo
1088 3612 1332 3696 quinto,
1379 3615 1602 3696 quinto
1623 3613 1952 3681 kalendas
1975 3611 2300 3693 Octobris,
2340 3611 2553 3695 Regni

327 3725 538 3796 autem
570 3720 778 3786 nostri
809 3739 980 3786 anno
1020 3727 1227 3789 sexto.

1022 3973 1030 3984 ,
1159 3914 1274 3982 (Az
1302 3917 1521 3973 eredeti
1550 3915 1739 3976 utari)

1260 4229 1345 4233 „-,.,
1360 4229 1369 4232 a
1428 4225 1683 4236 ——-—-—-—-—
