<?xml version="1.0" encoding="UTF-8"?>
<!DOCTYPE html PUBLIC "-//W3C//DTD XHTML 1.0 Transitional//EN"
    "http://www.w3.org/TR/xhtml1/DTD/xhtml1-transitional.dtd">
<html xmlns="http://www.w3.org/1999/xhtml" xml:lang="en" lang="en">
 <head>
  <title>
</title>
<meta http-equiv="Content-Type" content="text/html;charset=utf-8" />
  <meta name='ocr-system' content='tesseract 3.04.00' />
  <meta name='ocr-capabilities' content='ocr_page ocr_carea ocr_par ocr_line ocrx_word'/>
</head>
<body>
  <div class='ocr_page' id='page_1' title='image "./rpdkorijokmnytr01wenzgoog_0142.png"; bbox 0 0 3416 5313; ppageno 0'>
   <div class='ocr_carea' id='block_1_1' title="bbox 1847 360 1972 426">
    <p class='ocr_par' dir='ltr' id='par_1_1' title="bbox 1847 360 1972 426">
     <span class='ocr_line' id='line_1_1' title="bbox 1847 360 1972 426; baseline 0.024 -3"><span class='ocrx_word' id='word_1_1' title='bbox 1847 360 1972 426; x_wconf 88' lang='lat'><strong>110</strong></span> 
     </span>
    </p>
   </div>
   <div class='ocr_carea' id='block_1_2' title="bbox 1743 447 2054 459">
    <p class='ocr_par' dir='ltr' id='par_1_2' title="bbox 1743 447 2054 459">
     <span class='ocr_line' id='line_1_2' title="bbox 1743 447 2054 459; baseline 0 4854"><span class='ocrx_word' id='word_1_2' title='bbox 1743 447 2054 459; x_wconf 95' lang='lat' dir='ltr'><strong> </strong></span> 
     </span>
    </p>
   </div>
   <div class='ocr_carea' id='block_1_3' title="bbox 781 553 3106 2487">
    <p class='ocr_par' dir='ltr' id='par_1_3' title="bbox 781 553 3106 2487">
     <span class='ocr_line' id='line_1_3' title="bbox 781 553 3024 644; baseline -0.003 -18"><span class='ocrx_word' id='word_1_3' title='bbox 781 563 1066 644; x_wconf 84' lang='lat' dir='ltr'><strong>gentum,</strong></span> <span class='ocrx_word' id='word_1_4' title='bbox 1090 563 1397 641; x_wconf 87' lang='lat' dir='ltr'><strong>quantum</strong></span> <span class='ocrx_word' id='word_1_5' title='bbox 1429 575 1544 640; x_wconf 91' lang='lat' dir='ltr'><strong>per</strong></span> <span class='ocrx_word' id='word_1_6' title='bbox 1574 554 1929 624; x_wconf 91' lang='lat' dir='ltr'><strong>Dominum</strong></span> <span class='ocrx_word' id='word_1_7' title='bbox 1961 553 2217 624; x_wconf 89' lang='lat' dir='ltr'><strong>Ducem</strong></span> <span class='ocrx_word' id='word_1_8' title='bbox 2237 554 2622 638; x_wconf 89' lang='lat' dir='ltr'><strong>requisitum</strong></span> <span class='ocrx_word' id='word_1_9' title='bbox 2641 554 2841 621; x_wconf 89' lang='lat' dir='ltr'><strong>fuerit</strong></span> <span class='ocrx_word' id='word_1_10' title='bbox 2874 573 3024 622; x_wconf 87' lang='lat' dir='ltr'><strong>esse</strong></span> 
     </span>
     <span class='ocr_line' id='line_1_4' title="bbox 783 664 3025 752; baseline 0 -22"><span class='ocrx_word' id='word_1_11' title='bbox 783 665 1088 734; x_wconf 91' lang='lat' dir='ltr'><strong>damnum</strong></span> <span class='ocrx_word' id='word_1_12' title='bbox 1138 664 1503 750; x_wconf 89' lang='lat' dir='ltr'><strong>predictum</strong></span> <span class='ocrx_word' id='word_1_13' title='bbox 1554 664 1725 731; x_wconf 85' lang='lat' dir='ltr'><strong>infra</strong></span> <span class='ocrx_word' id='word_1_14' title='bbox 1774 672 1922 732; x_wconf 91' lang='lat' dir='ltr'><strong>octo</strong></span> <span class='ocrx_word' id='word_1_15' title='bbox 1956 664 2097 730; x_wconf 88' lang='lat' dir='ltr'><strong>dies</strong></span> <span class='ocrx_word' id='word_1_16' title='bbox 2131 674 2284 752; x_wconf 85' lang='lat' dir='ltr'><strong>post</strong></span> <span class='ocrx_word' id='word_1_17' title='bbox 2314 684 2604 731; x_wconf 90' lang='lat' dir='ltr'><strong>mensem</strong></span> <span class='ocrx_word' id='word_1_18' title='bbox 2653 664 3025 747; x_wconf 87' lang='lat' dir='ltr'><strong>predictum</strong></span> 
     </span>
     <span class='ocr_line' id='line_1_5' title="bbox 782 773 3025 862; baseline -0.001 -22"><span class='ocrx_word' id='word_1_19' title='bbox 782 773 850 842; x_wconf 92' lang='lat' dir='ltr'><strong>in</strong></span> <span class='ocrx_word' id='word_1_20' title='bbox 881 775 1152 843; x_wconf 88' lang='lat' dir='ltr'><strong>forciam</strong></span> <span class='ocrx_word' id='word_1_21' title='bbox 1186 774 1459 842; x_wconf 86' lang='lat' dir='ltr'><strong>Comitis</strong></span> <span class='ocrx_word' id='word_1_22' title='bbox 1497 773 1711 855; x_wconf 87' lang='lat' dir='ltr'><strong>Iadre,</strong></span> <span class='ocrx_word' id='word_1_23' title='bbox 1746 774 1857 859; x_wconf 92' lang='lat' dir='ltr'><strong>qui</strong></span> <span class='ocrx_word' id='word_1_24' title='bbox 1892 774 2018 841; x_wconf 91' lang='lat' dir='ltr'><strong>erit</strong></span> <span class='ocrx_word' id='word_1_25' title='bbox 2049 796 2167 862; x_wconf 91' lang='lat' dir='ltr'><strong>pro</strong></span> <span class='ocrx_word' id='word_1_26' title='bbox 2201 781 2515 860; x_wconf 87' lang='lat' dir='ltr'><strong>tempore,</strong></span> <span class='ocrx_word' id='word_1_27' title='bbox 2568 776 2740 859; x_wconf 93' lang='lat' dir='ltr'><strong>quod</strong></span> <span class='ocrx_word' id='word_1_28' title='bbox 2769 774 3025 841; x_wconf 90' lang='lat' dir='ltr'><strong>tamdiu</strong></span> 
     </span>
     <span class='ocr_line' id='line_1_6' title="bbox 782 881 3025 968; baseline 0 -19"><span class='ocrx_word' id='word_1_29' title='bbox 782 903 986 968; x_wconf 90' lang='lat' dir='ltr'><strong>penes</strong></span> <span class='ocrx_word' id='word_1_30' title='bbox 1020 885 1259 951; x_wconf 89' lang='lat' dir='ltr'><strong>dictum</strong></span> <span class='ocrx_word' id='word_1_31' title='bbox 1280 883 1594 950; x_wconf 81' lang='lat' dir='ltr'><strong>Comitem</strong></span> <span class='ocrx_word' id='word_1_32' title='bbox 1614 883 1809 948; x_wconf 90' lang='lat' dir='ltr'><strong>Iadre</strong></span> <span class='ocrx_word' id='word_1_33' title='bbox 1842 890 2022 952; x_wconf 89' lang='lat' dir='ltr'><strong>stare</strong></span> <span class='ocrx_word' id='word_1_34' title='bbox 2056 882 2317 961; x_wconf 85' lang='lat' dir='ltr'><strong>debeat,</strong></span> <span class='ocrx_word' id='word_1_35' title='bbox 2349 882 2659 965; x_wconf 90' lang='lat' dir='ltr'><strong>quamdiu</strong></span> <span class='ocrx_word' id='word_1_36' title='bbox 2693 881 2841 968; x_wconf 91' lang='lat' dir='ltr'><strong>ipsa</strong></span> <span class='ocrx_word' id='word_1_37' title='bbox 2874 903 3025 968; x_wconf 84' lang='lat' dir='ltr'><strong>say-</strong></span> 
     </span>
     <span class='ocr_line' id='line_1_7' title="bbox 783 991 3026 1076; baseline -0.002 -18"><span class='ocrx_word' id='word_1_38' title='bbox 783 999 914 1070; x_wconf 85' lang='lat' dir='ltr'><strong>tea,</strong></span> <span class='ocrx_word' id='word_1_39' title='bbox 933 993 1041 1059; x_wconf 85' lang='lat' dir='ltr'><strong>vel</strong></span> <span class='ocrx_word' id='word_1_40' title='bbox 1059 992 1322 1076; x_wconf 75' lang='lat' dir='ltr'><strong>lignum,</strong></span> <span class='ocrx_word' id='word_1_41' title='bbox 1357 996 1469 1057; x_wconf 89' lang='lat' dir='ltr'><strong>aut</strong></span> <span class='ocrx_word' id='word_1_42' title='bbox 1497 991 1703 1075; x_wconf 85' lang='lat' dir='ltr'><strong>ligna,</strong></span> <span class='ocrx_word' id='word_1_43' title='bbox 1738 1009 1865 1072; x_wconf 90' lang='lat' dir='ltr'><strong>que</strong></span> <span class='ocrx_word' id='word_1_44' title='bbox 1897 992 2203 1059; x_wconf 88' lang='lat' dir='ltr'><strong>damnum</strong></span> <span class='ocrx_word' id='word_1_45' title='bbox 2237 991 2515 1075; x_wconf 75' lang='lat' dir='ltr'>dederit,</span> <span class='ocrx_word' id='word_1_46' title='bbox 2551 991 2618 1056; x_wconf 94' lang='lat' dir='ltr'><strong>in</strong></span> <span class='ocrx_word' id='word_1_47' title='bbox 2657 992 3026 1075; x_wconf 88' lang='lat' dir='ltr'><strong>Almisium‚</strong></span> 
     </span>
     <span class='ocr_line' id='line_1_8' title="bbox 785 1098 3026 1186; baseline -0.001 -19"><span class='ocrx_word' id='word_1_48' title='bbox 785 1099 894 1167; x_wconf 85' lang='lat' dir='ltr'><strong>vel</strong></span> <span class='ocrx_word' id='word_1_49' title='bbox 947 1101 1032 1165; x_wconf 89' lang='lat' dir='ltr'><strong>ad</strong></span> <span class='ocrx_word' id='word_1_50' title='bbox 1083 1101 1229 1165; x_wconf 91' lang='lat' dir='ltr'><strong>loca</strong></span> <span class='ocrx_word' id='word_1_51' title='bbox 1279 1098 1582 1186; x_wconf 89' lang='lat' dir='ltr'><strong>predicta</strong></span> <span class='ocrx_word' id='word_1_52' title='bbox 1632 1098 1916 1180; x_wconf 82' lang='lat' dir='ltr'><strong>redibit,</strong></span> <span class='ocrx_word' id='word_1_53' title='bbox 1971 1099 2076 1164; x_wconf 88' lang='lat' dir='ltr'><strong>vel</strong></span> <span class='ocrx_word' id='word_1_54' title='bbox 2108 1099 2406 1167; x_wconf 90' lang='lat' dir='ltr'><strong>homines</strong></span> <span class='ocrx_word' id='word_1_55' title='bbox 2437 1099 2681 1184; x_wconf 89' lang='lat' dir='ltr'><strong>ipsius;</strong></span> <span class='ocrx_word' id='word_1_56' title='bbox 2719 1119 2844 1181; x_wconf 92' lang='lat' dir='ltr'><strong>que</strong></span> <span class='ocrx_word' id='word_1_57' title='bbox 2879 1120 3026 1165; x_wconf 89' lang='lat' dir='ltr'><strong>eum</strong></span> 
     </span>
     <span class='ocr_line' id='line_1_9' title="bbox 784 1205 3027 1293; baseline 0 -21"><span class='ocrx_word' id='word_1_58' title='bbox 784 1207 1087 1292; x_wconf 87' lang='lat' dir='ltr'><strong>redierit,</strong></span> <span class='ocrx_word' id='word_1_59' title='bbox 1139 1213 1341 1273; x_wconf 90' lang='lat' dir='ltr'><strong>totum</strong></span> <span class='ocrx_word' id='word_1_60' title='bbox 1377 1207 1538 1272; x_wconf 91' lang='lat' dir='ltr'><strong>illud</strong></span> <span class='ocrx_word' id='word_1_61' title='bbox 1570 1205 1877 1273; x_wconf 91' lang='lat' dir='ltr'><strong>damnum</strong></span> <span class='ocrx_word' id='word_1_62' title='bbox 1912 1207 2263 1272; x_wconf 88' lang='lat' dir='ltr'><strong>emendare</strong></span> <span class='ocrx_word' id='word_1_63' title='bbox 2299 1226 2370 1273; x_wconf 91' lang='lat' dir='ltr'><strong>se</strong></span> <span class='ocrx_word' id='word_1_64' title='bbox 2403 1208 2739 1293; x_wconf 82' lang='lat' dir='ltr'><strong>obligavit,</strong></span> <span class='ocrx_word' id='word_1_65' title='bbox 2784 1216 2846 1273; x_wconf 76' lang='lat' dir='ltr'><strong>ot</strong></span> <span class='ocrx_word' id='word_1_66' title='bbox 2877 1228 3027 1291; x_wconf 89' lang='lat' dir='ltr'><strong>pro·</strong></span> 
     </span>
     <span class='ocr_line' id='line_1_10' title="bbox 782 1311 3028 1400; baseline 0 -21"><span class='ocrx_word' id='word_1_67' title='bbox 782 1316 978 1400; x_wconf 82' lang='lat' dir='ltr'><strong>misit,</strong></span> <span class='ocrx_word' id='word_1_68' title='bbox 1014 1321 1081 1380; x_wconf 91' lang='lat' dir='ltr'><strong>et</strong></span> <span class='ocrx_word' id='word_1_69' title='bbox 1114 1315 1462 1381; x_wconf 88' lang='lat' dir='ltr'><strong>satisfacto</strong></span> <span class='ocrx_word' id='word_1_70' title='bbox 1514 1312 1796 1398; x_wconf 88' lang='lat' dir='ltr'><strong>dampno</strong></span> <span class='ocrx_word' id='word_1_71' title='bbox 1848 1313 2150 1398; x_wconf 88' lang='lat' dir='ltr'><strong>predicto</strong></span> <span class='ocrx_word' id='word_1_72' title='bbox 2195 1311 2408 1379; x_wconf 89' lang='lat' dir='ltr'><strong>dictus</strong></span> <span class='ocrx_word' id='word_1_73' title='bbox 2442 1313 2676 1380; x_wconf 90' lang='lat' dir='ltr'><strong>Comes</strong></span> <span class='ocrx_word' id='word_1_74' title='bbox 2710 1313 2900 1380; x_wconf 89' lang='lat' dir='ltr'><strong>Iadre</strong></span> <span class='ocrx_word' id='word_1_75' title='bbox 2935 1323 3028 1379; x_wconf 88' lang='lat' dir='ltr'><strong>te-</strong></span> 
     </span>
     <span class='ocr_line' id='line_1_11' title="bbox 784 1421 3028 1506; baseline -0.001 -19"><span class='ocrx_word' id='word_1_76' title='bbox 784 1429 1013 1492; x_wconf 87' lang='lat' dir='ltr'><strong>neatur</strong></span> <span class='ocrx_word' id='word_1_77' title='bbox 1044 1423 1390 1490; x_wconf 89' lang='lat' dir='ltr'><strong>restituere</strong></span> <span class='ocrx_word' id='word_1_78' title='bbox 1423 1440 1653 1487; x_wconf 90' lang='lat' dir='ltr'><strong>aurum</strong></span> <span class='ocrx_word' id='word_1_79' title='bbox 1684 1428 1752 1487; x_wconf 90' lang='lat' dir='ltr'><strong>et</strong></span> <span class='ocrx_word' id='word_1_80' title='bbox 1803 1430 2142 1503; x_wconf 87' lang='lat' dir='ltr'><strong>argentum</strong></span> <span class='ocrx_word' id='word_1_81' title='bbox 2189 1421 2547 1506; x_wconf 88' lang='lat' dir='ltr'><strong>predictum</strong></span> <span class='ocrx_word' id='word_1_82' title='bbox 2581 1422 2755 1491; x_wconf 89' lang='lat' dir='ltr'><strong>dieto</strong></span> <span class='ocrx_word' id='word_1_83' title='bbox 2787 1421 3028 1491; x_wconf 85' lang='lat' dir='ltr'><strong>Oomiti</strong></span> 
     </span>
     <span class='ocr_line' id='line_1_12' title="bbox 787 1530 3029 1615; baseline 0 -17"><span class='ocrx_word' id='word_1_84' title='bbox 787 1530 1097 1615; x_wconf 88' lang='lat' dir='ltr'><strong>Georgio.</strong></span> <span class='ocrx_word' id='word_1_85' title='bbox 1132 1531 1217 1595; x_wconf 88' lang='lat' dir='ltr'><strong>Et</strong></span> <span class='ocrx_word' id='word_1_86' title='bbox 1267 1530 1325 1596; x_wconf 92' lang='lat' dir='ltr'><strong>si</strong></span> <span class='ocrx_word' id='word_1_87' title='bbox 1355 1530 1522 1595; x_wconf 84' lang='lat' dir='ltr'><strong>sorte</strong></span> <span class='ocrx_word' id='word_1_88' title='bbox 1557 1531 1708 1615; x_wconf 88' lang='lat' dir='ltr'><strong>ipsa</strong></span> <span class='ocrx_word' id='word_1_89' title='bbox 1758 1536 2012 1614; x_wconf 85' lang='lat' dir='ltr'><strong>saytea,</strong></span> <span class='ocrx_word' id='word_1_90' title='bbox 2047 1532 2153 1596; x_wconf 88' lang='lat' dir='ltr'><strong>vel</strong></span> <span class='ocrx_word' id='word_1_91' title='bbox 2204 1530 2453 1613; x_wconf 85' lang='lat' dir='ltr'><strong>lignum</strong></span> <span class='ocrx_word' id='word_1_92' title='bbox 2474 1580 2493 1609; x_wconf 83' lang='lat'><strong>,</strong></span> <span class='ocrx_word' id='word_1_93' title='bbox 2543 1541 2656 1600; x_wconf 90' lang='lat' dir='ltr'><strong>aut</strong></span> <span class='ocrx_word' id='word_1_94' title='bbox 2687 1532 2886 1615; x_wconf 88' lang='lat' dir='ltr'><strong>ligna,</strong></span> <span class='ocrx_word' id='word_1_95' title='bbox 2921 1534 3029 1600; x_wconf 87' lang='lat' dir='ltr'><strong>vel</strong></span> 
     </span>
     <span class='ocr_line' id='line_1_13' title="bbox 784 1637 3106 1726; baseline 0.002 -21"><span class='ocrx_word' id='word_1_96' title='bbox 784 1660 948 1725; x_wconf 86' lang='lat' dir='ltr'><strong>gens</strong></span> <span class='ocrx_word' id='word_1_97' title='bbox 981 1659 1121 1725; x_wconf 89' lang='lat' dir='ltr'><strong>sua,</strong></span> <span class='ocrx_word' id='word_1_98' title='bbox 1144 1643 1413 1724; x_wconf 89' lang='lat' dir='ltr'><strong>propter</strong></span> <span class='ocrx_word' id='word_1_99' title='bbox 1432 1657 1740 1725; x_wconf 82' lang='lat' dir='ltr'><strong>magnum</strong></span> <span class='ocrx_word' id='word_1_100' title='bbox 1774 1640 2039 1722; x_wconf 88' lang='lat' dir='ltr'><strong>lucrum,</strong></span> <span class='ocrx_word' id='word_1_101' title='bbox 2077 1638 2254 1720; x_wconf 92' lang='lat' dir='ltr'><strong>quod</strong></span> <span class='ocrx_word' id='word_1_102' title='bbox 2285 1637 2536 1705; x_wconf 87' lang='lat' dir='ltr'><strong>faceret</strong></span> <span class='ocrx_word' id='word_1_103' title='bbox 2569 1647 2795 1707; x_wconf 88' lang='lat' dir='ltr'><strong>contra</strong></span> <span class='ocrx_word' id='word_1_104' title='bbox 2827 1649 3028 1726; x_wconf 88' lang='lat' dir='ltr'><strong>pacta</strong></span> <span class='ocrx_word' id='word_1_105' title='bbox 3103 1650 3106 1655; x_wconf 81' lang='grc'>’</span> 
     </span>
     <span class='ocr_line' id='line_1_14' title="bbox 785 1746 3028 1833; baseline 0.001 -20"><span class='ocrx_word' id='word_1_106' title='bbox 785 1749 1082 1833; x_wconf 86' lang='lat' dir='ltr'><strong>predicta</strong></span> <span class='ocrx_word' id='word_1_107' title='bbox 1102 1798 1120 1833; x_wconf 92' lang='lat'><strong>,</strong></span> <span class='ocrx_word' id='word_1_108' title='bbox 1172 1749 1279 1814; x_wconf 87' lang='lat' dir='ltr'><strong>vel</strong></span> <span class='ocrx_word' id='word_1_109' title='bbox 1328 1746 1464 1813; x_wconf 89' lang='lat' dir='ltr'><strong>alia</strong></span> <span class='ocrx_word' id='word_1_110' title='bbox 1498 1747 1581 1813; x_wconf 89' lang='lat' dir='ltr'><strong>de</strong></span> <span class='ocrx_word' id='word_1_111' title='bbox 1616 1766 1819 1814; x_wconf 87' lang='lat' dir='ltr'><strong>causa</strong></span> <span class='ocrx_word' id='word_1_112' title='bbox 1851 1767 1984 1815; x_wconf 93' lang='lat' dir='ltr'><strong>non</strong></span> <span class='ocrx_word' id='word_1_113' title='bbox 2009 1746 2252 1813; x_wconf 78' lang='lat' dir='ltr'><strong>rediret</strong></span> <span class='ocrx_word' id='word_1_114' title='bbox 2285 1748 2352 1812; x_wconf 91' lang='lat' dir='ltr'><strong>in</strong></span> <span class='ocrx_word' id='word_1_115' title='bbox 2386 1747 2732 1817; x_wconf 88' lang='lat' dir='ltr'><strong>Almisium</strong></span> <span class='ocrx_word' id='word_1_116' title='bbox 2751 1798 2768 1832; x_wconf 96' lang='lat'><strong>,</strong></span> <span class='ocrx_word' id='word_1_117' title='bbox 2802 1751 2911 1817; x_wconf 87' lang='lat' dir='ltr'><strong>vel</strong></span> <span class='ocrx_word' id='word_1_118' title='bbox 2941 1751 3028 1815; x_wconf 87' lang='lat' dir='ltr'><strong>ad</strong></span> 
     </span>
     <span class='ocr_line' id='line_1_15' title="bbox 784 1851 3028 1942; baseline 0.001 -22"><span class='ocrx_word' id='word_1_119' title='bbox 784 1861 927 1923; x_wconf 89' lang='lat' dir='ltr'><strong>loca</strong></span> <span class='ocrx_word' id='word_1_120' title='bbox 946 1853 1262 1942; x_wconf 87' lang='lat' dir='ltr'><strong>predicta,</strong></span> <span class='ocrx_word' id='word_1_121' title='bbox 1286 1856 1456 1920; x_wconf 89' lang='lat' dir='ltr'><strong>sicut</strong></span> <span class='ocrx_word' id='word_1_122' title='bbox 1489 1851 1732 1919; x_wconf 93' lang='lat' dir='ltr'><strong>dictum</strong></span> <span class='ocrx_word' id='word_1_123' title='bbox 1768 1857 1869 1918; x_wconf 87' lang='lat' dir='ltr'><strong>est</strong></span> <span class='ocrx_word' id='word_1_124' title='bbox 1901 1872 2122 1939; x_wconf 88' lang='lat' dir='ltr'><strong>supra,</strong></span> <span class='ocrx_word' id='word_1_125' title='bbox 2159 1853 2256 1918; x_wconf 90' lang='lat' dir='ltr'><strong>ita</strong></span> <span class='ocrx_word' id='word_1_126' title='bbox 2278 1853 2454 1935; x_wconf 91' lang='lat' dir='ltr'><strong>quod</strong></span> <span class='ocrx_word' id='word_1_127' title='bbox 2486 1861 2695 1921; x_wconf 87' lang='lat' dir='ltr'><strong>staret</strong></span> <span class='ocrx_word' id='word_1_128' title='bbox 2727 1876 2844 1938; x_wconf 91' lang='lat' dir='ltr'><strong>per</strong></span> <span class='ocrx_word' id='word_1_129' title='bbox 2866 1857 3028 1923; x_wconf 91' lang='lat' dir='ltr'><strong>duos</strong></span> 
     </span>
     <span class='ocr_line' id='line_1_16' title="bbox 783 1961 3031 2046; baseline 0 -16"><span class='ocrx_word' id='word_1_130' title='bbox 783 1984 1043 2032; x_wconf 90' lang='lat' dir='ltr'><strong>menses</strong></span> <span class='ocrx_word' id='word_1_131' title='bbox 1097 1971 1326 2044; x_wconf 89' lang='lat' dir='ltr'><strong>extra,</strong></span> <span class='ocrx_word' id='word_1_132' title='bbox 1381 1965 1552 2030; x_wconf 89' lang='lat' dir='ltr'><strong>ultra</strong></span> <span class='ocrx_word' id='word_1_133' title='bbox 1582 1963 1862 2045; x_wconf 86' lang='lat' dir='ltr'><strong>primum</strong></span> <span class='ocrx_word' id='word_1_134' title='bbox 1901 1981 2193 2028; x_wconf 89' lang='lat' dir='ltr'><strong>mensem</strong></span> <span class='ocrx_word' id='word_1_135' title='bbox 2236 1961 2601 2046; x_wconf 89' lang='lat' dir='ltr'><strong>predictum</strong></span> <span class='ocrx_word' id='word_1_136' title='bbox 2632 1969 2832 2031; x_wconf 88' lang='lat' dir='ltr'><strong>totum</strong></span> <span class='ocrx_word' id='word_1_137' title='bbox 2866 1966 3031 2033; x_wconf 92' lang='lat' dir='ltr'><strong>illud</strong></span> 
     </span>
     <span class='ocr_line' id='line_1_17' title="bbox 788 2069 3025 2157; baseline 0 -16"><span class='ocrx_word' id='word_1_138' title='bbox 788 2075 1163 2157; x_wconf 88' lang='lat' dir='ltr'><strong>dampnum,</strong></span> <span class='ocrx_word' id='word_1_139' title='bbox 1200 2072 1373 2154; x_wconf 89' lang='lat' dir='ltr'><strong>quod</strong></span> <span class='ocrx_word' id='word_1_140' title='bbox 1425 2071 1648 2137; x_wconf 89' lang='lat' dir='ltr'><strong>datum</strong></span> <span class='ocrx_word' id='word_1_141' title='bbox 1681 2069 1897 2153; x_wconf 88' lang='lat' dir='ltr'><strong>fuerit,</strong></span> <span class='ocrx_word' id='word_1_142' title='bbox 1933 2078 1998 2136; x_wconf 92' lang='lat' dir='ltr'><strong>et</strong></span> <span class='ocrx_word' id='word_1_143' title='bbox 2028 2089 2145 2154; x_wconf 91' lang='lat' dir='ltr'><strong>per</strong></span> <span class='ocrx_word' id='word_1_144' title='bbox 2178 2069 2504 2136; x_wconf 89' lang='lat' dir='ltr'><strong>dominum</strong></span> <span class='ocrx_word' id='word_1_145' title='bbox 2538 2071 2783 2140; x_wconf 80' lang='lat' dir='ltr'><strong>Ducem</strong></span> <span class='ocrx_word' id='word_1_146' title='bbox 2818 2077 3025 2156; x_wconf 90' lang='lat' dir='ltr'><strong>requi-</strong></span> 
     </span>
     <span class='ocr_line' id='line_1_18' title="bbox 781 2176 3029 2273; baseline -0.001 -26"><span class='ocrx_word' id='word_1_147' title='bbox 781 2184 996 2258; x_wconf 89' lang='lat' dir='ltr'><strong>situm,</strong></span> <span class='ocrx_word' id='word_1_148' title='bbox 1030 2179 1203 2273; x_wconf 84' lang='lat' dir='ltr'><strong>infra</strong></span> <span class='ocrx_word' id='word_1_149' title='bbox 1236 2179 1400 2244; x_wconf 89' lang='lat' dir='ltr'><strong>duos</strong></span> <span class='ocrx_word' id='word_1_150' title='bbox 1438 2197 1695 2245; x_wconf 88' lang='lat' dir='ltr'><strong>menses</strong></span> <span class='ocrx_word' id='word_1_151' title='bbox 1730 2176 2060 2261; x_wconf 85' lang='lat' dir='ltr'><strong>predictos</strong></span> <span class='ocrx_word' id='word_1_152' title='bbox 2096 2177 2355 2264; x_wconf 84' lang='lat' dir='ltr'><strong>integre</strong></span> <span class='ocrx_word' id='word_1_153' title='bbox 2412 2180 2727 2246; x_wconf 87' lang='lat' dir='ltr'><strong>resarcire</strong></span> <span class='ocrx_word' id='word_1_154' title='bbox 2761 2201 2833 2247; x_wconf 93' lang='lat' dir='ltr'><strong>se</strong></span> <span class='ocrx_word' id='word_1_155' title='bbox 2866 2182 3029 2250; x_wconf 89' lang='lat' dir='ltr'><strong>obli-</strong></span> 
     </span>
     <span class='ocr_line' id='line_1_19' title="bbox 781 2287 3028 2375; baseline 0.002 -19"><span class='ocrx_word' id='word_1_156' title='bbox 781 2293 967 2375; x_wconf 85' lang='lat' dir='ltr'><strong>gavit</strong></span> <span class='ocrx_word' id='word_1_157' title='bbox 1015 2297 1078 2355; x_wconf 90' lang='lat' dir='ltr'><strong>et</strong></span> <span class='ocrx_word' id='word_1_158' title='bbox 1110 2290 1431 2375; x_wconf 83' lang='lat' dir='ltr'><strong>promisit.</strong></span> <span class='ocrx_word' id='word_1_159' title='bbox 1468 2288 1632 2354; x_wconf 88' lang='lat' dir='ltr'><strong>Item</strong></span> <span class='ocrx_word' id='word_1_160' title='bbox 1685 2287 1916 2354; x_wconf 91' lang='lat' dir='ltr'><strong>eodem</strong></span> <span class='ocrx_word' id='word_1_161' title='bbox 1970 2288 2160 2353; x_wconf 89' lang='lat' dir='ltr'><strong>modo</strong></span> <span class='ocrx_word' id='word_1_162' title='bbox 2194 2289 2499 2372; x_wconf 78' lang='lat' dir='ltr'><strong>promisit</strong></span> <span class='ocrx_word' id='word_1_163' title='bbox 2552 2290 2761 2359; x_wconf 89' lang='lat' dir='ltr'><strong>dictus</strong></span> <span class='ocrx_word' id='word_1_164' title='bbox 2795 2289 3028 2360; x_wconf 81' lang='lat' dir='ltr'><strong>Comes</strong></span> 
     </span>
     <span class='ocr_line' id='line_1_20' title="bbox 784 2395 3029 2487; baseline 0.002 -24"><span class='ocrx_word' id='word_1_165' title='bbox 784 2397 1105 2481; x_wconf 81' lang='lat' dir='ltr'><strong>Georgius</strong></span> <span class='ocrx_word' id='word_1_166' title='bbox 1139 2396 1222 2464; x_wconf 91' lang='lat' dir='ltr'><strong>de</strong></span> <span class='ocrx_word' id='word_1_167' title='bbox 1253 2396 1538 2480; x_wconf 89' lang='lat' dir='ltr'><strong>dampno</strong></span> <span class='ocrx_word' id='word_1_168' title='bbox 1573 2397 1730 2462; x_wconf 88' lang='lat' dir='ltr'><strong>dato</strong></span> <span class='ocrx_word' id='word_1_169' title='bbox 1764 2397 2032 2462; x_wconf 85' lang='lat' dir='ltr'><strong>Tarette</strong></span> <span class='ocrx_word' id='word_1_170' title='bbox 2065 2395 2147 2461; x_wconf 90' lang='lat' dir='ltr'><strong>de</strong></span> <span class='ocrx_word' id='word_1_171' title='bbox 2171 2396 2547 2465; x_wconf 81' lang='lat' dir='ltr'><strong>Cafradello</strong></span> <span class='ocrx_word' id='word_1_172' title='bbox 2582 2404 2647 2463; x_wconf 91' lang='lat' dir='ltr'><strong>et</strong></span> <span class='ocrx_word' id='word_1_173' title='bbox 2678 2401 2858 2484; x_wconf 85' lang='lat' dir='ltr'><strong>genti</strong></span> <span class='ocrx_word' id='word_1_174' title='bbox 2892 2422 3029 2487; x_wconf 89' lang='lat' dir='ltr'><strong>sue,</strong></span> 
     </span>
    </p>
   </div>
   <div class='ocr_carea' id='block_1_4' title="bbox 609 2503 3030 2590">
    <p class='ocr_par' dir='ltr' id='par_1_4' title="bbox 609 2503 3030 2590">
     <span class='ocr_line' id='line_1_21' title="bbox 609 2503 3030 2590; baseline 0.003 -20"><span class='ocrx_word' id='word_1_175' title='bbox 609 2503 616 2509; x_wconf 82' lang='grc'><strong>’</strong></span> <span class='ocrx_word' id='word_1_176' title='bbox 728 2552 731 2555; x_wconf 50' lang='lat'><strong>&gt;</strong></span> <span class='ocrx_word' id='word_1_177' title='bbox 784 2512 849 2572; x_wconf 91' lang='lat' dir='ltr'><strong>et</strong></span> <span class='ocrx_word' id='word_1_178' title='bbox 881 2506 1185 2590; x_wconf 87' lang='lat' dir='ltr'><strong>Philippo</strong></span> <span class='ocrx_word' id='word_1_179' title='bbox 1221 2505 1492 2588; x_wconf 84' lang='lat' dir='ltr'><strong>Georgio</strong></span> <span class='ocrx_word' id='word_1_180' title='bbox 1540 2525 1682 2570; x_wconf 92' lang='lat' dir='ltr'><strong>cum</strong></span> <span class='ocrx_word' id='word_1_181' title='bbox 1716 2512 1910 2587; x_wconf 84' lang='lat' dir='ltr'><strong>gente</strong></span> <span class='ocrx_word' id='word_1_182' title='bbox 1945 2505 2027 2570; x_wconf 90' lang='lat' dir='ltr'><strong>de</strong></span> <span class='ocrx_word' id='word_1_183' title='bbox 2060 2508 2269 2572; x_wconf 87' lang='lat' dir='ltr'><strong>barca</strong></span> <span class='ocrx_word' id='word_1_184' title='bbox 2301 2524 2446 2589; x_wconf 90' lang='lat' dir='ltr'><strong>sua,</strong></span> <span class='ocrx_word' id='word_1_185' title='bbox 2481 2507 2639 2572; x_wconf 85' lang='lat' dir='ltr'><strong>dare</strong></span> <span class='ocrx_word' id='word_1_186' title='bbox 2676 2516 2740 2574; x_wconf 90' lang='lat' dir='ltr'><strong>et</strong></span> <span class='ocrx_word' id='word_1_187' title='bbox 2772 2512 3030 2578; x_wconf 86' lang='lat' dir='ltr'><strong>solvere</strong></span> 
     </span>
    </p>
   </div>
   <div class='ocr_carea' id='block_1_5' title="bbox 781 2613 3031 4767">
    <p class='ocr_par' dir='ltr' id='par_1_5' title="bbox 781 2613 3031 4767">
     <span class='ocr_line' id='line_1_22' title="bbox 785 2613 3026 2702; baseline 0.002 -21"><span class='ocrx_word' id='word_1_188' title='bbox 785 2615 988 2683; x_wconf 89' lang='lat' dir='ltr'><strong>libras</strong></span> <span class='ocrx_word' id='word_1_189' title='bbox 1021 2620 1298 2698; x_wconf 85' lang='lat' dir='ltr'><strong>quatuor</strong></span> <span class='ocrx_word' id='word_1_190' title='bbox 1334 2613 1533 2681; x_wconf 89' lang='lat' dir='ltr'><strong>mille</strong></span> <span class='ocrx_word' id='word_1_191' title='bbox 1563 2614 1985 2682; x_wconf 86' lang='lat' dir='ltr'><strong>denariorum</strong></span> <span class='ocrx_word' id='word_1_192' title='bbox 2019 2614 2415 2682; x_wconf 87' lang='lat' dir='ltr'><strong>Venetorum</strong></span> <span class='ocrx_word' id='word_1_193' title='bbox 2449 2636 2816 2702; x_wconf 87' lang='lat' dir='ltr'><strong>parvorum,</strong></span> <span class='ocrx_word' id='word_1_194' title='bbox 2850 2618 3026 2685; x_wconf 87' lang='lat' dir='ltr'><strong>vide-</strong></span> 
     </span>
     <span class='ocr_line' id='line_1_23' title="bbox 784 2721 3022 2812; baseline 0.003 -26"><span class='ocrx_word' id='word_1_195' title='bbox 784 2724 939 2789; x_wconf 87' lang='lat' dir='ltr'><strong>licet</strong></span> <span class='ocrx_word' id='word_1_196' title='bbox 989 2723 1192 2790; x_wconf 89' lang='lat' dir='ltr'><strong>libras</strong></span> <span class='ocrx_word' id='word_1_197' title='bbox 1242 2723 1419 2790; x_wconf 90' lang='lat' dir='ltr'><strong>mille</strong></span> <span class='ocrx_word' id='word_1_198' title='bbox 1470 2724 1645 2791; x_wconf 88' lang='lat' dir='ltr'><strong>infra</strong></span> <span class='ocrx_word' id='word_1_199' title='bbox 1696 2721 1836 2790; x_wconf 88' lang='lat' dir='ltr'><strong>dies</strong></span> <span class='ocrx_word' id='word_1_200' title='bbox 1869 2724 1993 2791; x_wconf 91' lang='lat' dir='ltr'><strong>XV</strong></span> <span class='ocrx_word' id='word_1_201' title='bbox 2044 2724 2341 2808; x_wconf 85' lang='lat' dir='ltr'><strong>proxime</strong></span> <span class='ocrx_word' id='word_1_202' title='bbox 2395 2733 2728 2812; x_wconf 84' lang='lat' dir='ltr'><strong>venturos,</strong></span> <span class='ocrx_word' id='word_1_203' title='bbox 2764 2734 2830 2792; x_wconf 90' lang='lat' dir='ltr'><strong>et</strong></span> <span class='ocrx_word' id='word_1_204' title='bbox 2869 2727 3022 2792; x_wconf 88' lang='lat' dir='ltr'><strong>resi-</strong></span> 
     </span>
     <span class='ocr_line' id='line_1_24' title="bbox 782 2830 3030 2919; baseline 0.001 -20"><span class='ocrx_word' id='word_1_205' title='bbox 782 2832 979 2899; x_wconf 90' lang='lat' dir='ltr'><strong>duum</strong></span> <span class='ocrx_word' id='word_1_206' title='bbox 1012 2830 1186 2898; x_wconf 88' lang='lat' dir='ltr'><strong>infra</strong></span> <span class='ocrx_word' id='word_1_207' title='bbox 1219 2830 1385 2897; x_wconf 91' lang='lat' dir='ltr'><strong>duos</strong></span> <span class='ocrx_word' id='word_1_208' title='bbox 1418 2852 1628 2899; x_wconf 90' lang='lat' dir='ltr'><strong>annos</strong></span> <span class='ocrx_word' id='word_1_209' title='bbox 1660 2831 1961 2919; x_wconf 86' lang='lat' dir='ltr'><strong>proxime</strong></span> <span class='ocrx_word' id='word_1_210' title='bbox 1999 2851 2170 2898; x_wconf 90' lang='lat' dir='ltr'><strong>nunc</strong></span> <span class='ocrx_word' id='word_1_211' title='bbox 2202 2838 2534 2918; x_wconf 87' lang='lat' dir='ltr'><strong>venturos,</strong></span> <span class='ocrx_word' id='word_1_212' title='bbox 2588 2836 2847 2901; x_wconf 90' lang='lat' dir='ltr'><strong>scilicet</strong></span> <span class='ocrx_word' id='word_1_213' title='bbox 2878 2853 3030 2916; x_wconf 90' lang='lat' dir='ltr'><strong>quo-</strong></span> 
     </span>
     <span class='ocr_line' id='line_1_25' title="bbox 781 2939 3023 3025; baseline 0.001 -19"><span class='ocrx_word' id='word_1_214' title='bbox 781 2941 942 3008; x_wconf 87' lang='lat' dir='ltr'><strong>libet</strong></span> <span class='ocrx_word' id='word_1_215' title='bbox 995 2961 1165 3007; x_wconf 87' lang='lat' dir='ltr'><strong>anno</strong></span> <span class='ocrx_word' id='word_1_216' title='bbox 1220 2940 1424 3006; x_wconf 89' lang='lat' dir='ltr'><strong>libras</strong></span> <span class='ocrx_word' id='word_1_217' title='bbox 1477 2939 1655 3006; x_wconf 91' lang='lat' dir='ltr'><strong>mille</strong></span> <span class='ocrx_word' id='word_1_218' title='bbox 1707 2944 2105 3025; x_wconf 84' lang='lat' dir='ltr'><strong>quingentas</strong></span> <span class='ocrx_word' id='word_1_219' title='bbox 2157 2939 2571 3007; x_wconf 88' lang='lat' dir='ltr'><strong>denariorum</strong></span> <span class='ocrx_word' id='word_1_220' title='bbox 2632 2945 3023 3018; x_wconf 80' lang='lat' dir='ltr'><strong>Venetorum</strong></span> 
     </span>
     <span class='ocr_line' id='line_1_26' title="bbox 781 3047 3022 3136; baseline 0.001 -20"><span class='ocrx_word' id='word_1_221' title='bbox 781 3069 1170 3136; x_wconf 84' lang='lat' dir='ltr'><strong>parvorum,</strong></span> <span class='ocrx_word' id='word_1_222' title='bbox 1208 3067 1412 3131; x_wconf 89' lang='lat' dir='ltr'><strong>usque</strong></span> <span class='ocrx_word' id='word_1_223' title='bbox 1465 3047 1549 3114; x_wconf 89' lang='lat' dir='ltr'><strong>ad</strong></span> <span class='ocrx_word' id='word_1_224' title='bbox 1602 3050 2141 3117; x_wconf 77' lang='lat' dir='ltr'><strong>satisfaccionem</strong></span> <span class='ocrx_word' id='word_1_225' title='bbox 2189 3050 2514 3133; x_wconf 84' lang='lat' dir='ltr'><strong>integram</strong></span> <span class='ocrx_word' id='word_1_226' title='bbox 2566 3051 2740 3116; x_wconf 89' lang='lat' dir='ltr'><strong>dicte</strong></span> <span class='ocrx_word' id='word_1_227' title='bbox 2771 3072 3022 3118; x_wconf 90' lang='lat' dir='ltr'><strong>summe</strong></span> 
     </span>
     <span class='ocr_line' id='line_1_27' title="bbox 781 3155 3031 3241; baseline -0 -17"><span class='ocrx_word' id='word_1_228' title='bbox 781 3158 1190 3241; x_wconf 81' lang='lat' dir='ltr'><strong>quantitatis.</strong></span> <span class='ocrx_word' id='word_1_229' title='bbox 1245 3160 1329 3222; x_wconf 84' lang='lat' dir='ltr'><strong>Et</strong></span> <span class='ocrx_word' id='word_1_230' title='bbox 1361 3158 1419 3222; x_wconf 89' lang='lat' dir='ltr'><strong>si</strong></span> <span class='ocrx_word' id='word_1_231' title='bbox 1452 3156 1822 3240; x_wconf 86' lang='lat' dir='ltr'><strong>accideret,</strong></span> <span class='ocrx_word' id='word_1_232' title='bbox 1876 3156 2049 3240; x_wconf 89' lang='lat' dir='ltr'><strong>quod</strong></span> <span class='ocrx_word' id='word_1_233' title='bbox 2102 3155 2281 3223; x_wconf 86' lang='lat' dir='ltr'><strong>dicta</strong></span> <span class='ocrx_word' id='word_1_234' title='bbox 2322 3165 2498 3224; x_wconf 90' lang='lat' dir='ltr'><strong>terra</strong></span> <span class='ocrx_word' id='word_1_235' title='bbox 2532 3158 2790 3224; x_wconf 90' lang='lat' dir='ltr'><strong>Almisii</strong></span> <span class='ocrx_word' id='word_1_236' title='bbox 2825 3162 3031 3226; x_wconf 88' lang='lat' dir='ltr'><strong>exiret</strong></span> 
     </span>
     <span class='ocr_line' id='line_1_28' title="bbox 787 3265 3030 3354; baseline -0 -20"><span class='ocrx_word' id='word_1_237' title='bbox 787 3267 873 3334; x_wconf 90' lang='lat' dir='ltr'><strong>de</strong></span> <span class='ocrx_word' id='word_1_238' title='bbox 905 3266 1206 3334; x_wconf 89' lang='lat' dir='ltr'><strong>manibus</strong></span> <span class='ocrx_word' id='word_1_239' title='bbox 1258 3272 1325 3333; x_wconf 91' lang='lat' dir='ltr'><strong>et</strong></span> <span class='ocrx_word' id='word_1_240' title='bbox 1357 3266 1570 3332; x_wconf 90' lang='lat' dir='ltr'><strong>forcia</strong></span> <span class='ocrx_word' id='word_1_241' title='bbox 1620 3265 1784 3333; x_wconf 91' lang='lat' dir='ltr'><strong>dicti</strong></span> <span class='ocrx_word' id='word_1_242' title='bbox 1818 3265 2090 3334; x_wconf 84' lang='lat' dir='ltr'><strong>Comitis</strong></span> <span class='ocrx_word' id='word_1_243' title='bbox 2125 3266 2399 3354; x_wconf 79' lang='lat' dir='ltr'><strong>Georgii</strong></span> <span class='ocrx_word' id='word_1_244' title='bbox 2437 3267 2546 3334; x_wconf 86' lang='lat' dir='ltr'><strong>vel</strong></span> <span class='ocrx_word' id='word_1_245' title='bbox 2579 3268 2851 3334; x_wconf 83' lang='lat' dir='ltr'><strong>fratrum</strong></span> <span class='ocrx_word' id='word_1_246' title='bbox 2886 3287 3030 3335; x_wconf 91' lang='lat' dir='ltr'><strong>suo-</strong></span> 
     </span>
     <span class='ocr_line' id='line_1_29' title="bbox 788 3374 3031 3462; baseline -0 -21"><span class='ocrx_word' id='word_1_247' title='bbox 788 3396 949 3459; x_wconf 90' lang='lat' dir='ltr'><strong>rum,</strong></span> <span class='ocrx_word' id='word_1_248' title='bbox 982 3378 1087 3442; x_wconf 86' lang='lat' dir='ltr'><strong>vel</strong></span> <span class='ocrx_word' id='word_1_249' title='bbox 1110 3375 1620 3462; x_wconf 87' lang='lat' dir='ltr'><strong>propinquorum</strong></span> <span class='ocrx_word' id='word_1_250' title='bbox 1641 3393 1923 3456; x_wconf 87' lang='lat' dir='ltr'><strong>suorum,</strong></span> <span class='ocrx_word' id='word_1_251' title='bbox 1946 3394 2063 3442; x_wconf 90' lang='lat' dir='ltr'><strong>seu</strong></span> <span class='ocrx_word' id='word_1_252' title='bbox 2095 3374 2312 3459; x_wconf 84' lang='lat' dir='ltr'><strong>gentis</strong></span> <span class='ocrx_word' id='word_1_253' title='bbox 2346 3393 2464 3441; x_wconf 92' lang='lat' dir='ltr'><strong>sue</strong></span> <span class='ocrx_word' id='word_1_254' title='bbox 2484 3374 2657 3441; x_wconf 84' lang='lat' dir='ltr'><strong>infra</strong></span> <span class='ocrx_word' id='word_1_255' title='bbox 2689 3375 3031 3442; x_wconf 89' lang='lat' dir='ltr'><strong>terminum</strong></span> 
     </span>
     <span class='ocr_line' id='line_1_30' title="bbox 791 3482 3026 3570; baseline 0 -21"><span class='ocrx_word' id='word_1_256' title='bbox 791 3486 1332 3570; x_wconf 88' lang='lat' dir='ltr'><strong>suprascriptum,</strong></span> <span class='ocrx_word' id='word_1_257' title='bbox 1369 3482 1543 3565; x_wconf 93' lang='lat' dir='ltr'><strong>quod</strong></span> <span class='ocrx_word' id='word_1_258' title='bbox 1575 3503 1705 3550; x_wconf 94' lang='lat' dir='ltr'><strong>non</strong></span> <span class='ocrx_word' id='word_1_259' title='bbox 1738 3488 2041 3550; x_wconf 89' lang='lat' dir='ltr'><strong>teneatur</strong></span> <span class='ocrx_word' id='word_1_260' title='bbox 2074 3483 2155 3549; x_wconf 90' lang='lat' dir='ltr'><strong>de</strong></span> <span class='ocrx_word' id='word_1_261' title='bbox 2188 3489 2424 3565; x_wconf 86' lang='lat' dir='ltr'><strong>treuga</strong></span> <span class='ocrx_word' id='word_1_262' title='bbox 2471 3484 2790 3569; x_wconf 89' lang='lat' dir='ltr'><strong>predicta.</strong></span> <span class='ocrx_word' id='word_1_263' title='bbox 2825 3483 3026 3551; x_wconf 88' lang='lat' dir='ltr'><strong>Salvo</strong></span> 
     </span>
     <span class='ocr_line' id='line_1_31' title="bbox 790 3590 3025 3678; baseline -0.002 -18"><span class='ocrx_word' id='word_1_264' title='bbox 790 3602 1047 3671; x_wconf 85' lang='lat' dir='ltr'><strong>tamen,</strong></span> <span class='ocrx_word' id='word_1_265' title='bbox 1100 3590 1274 3675; x_wconf 92' lang='lat' dir='ltr'><strong>quod</strong></span> <span class='ocrx_word' id='word_1_266' title='bbox 1323 3593 1381 3659; x_wconf 90' lang='lat' dir='ltr'><strong>si</strong></span> <span class='ocrx_word' id='word_1_267' title='bbox 1411 3592 1675 3674; x_wconf 88' lang='lat' dir='ltr'><strong>aliquod</strong></span> <span class='ocrx_word' id='word_1_268' title='bbox 1724 3592 1976 3677; x_wconf 88' lang='lat' dir='ltr'><strong>lignum</strong></span> <span class='ocrx_word' id='word_1_269' title='bbox 2025 3592 2132 3659; x_wconf 86' lang='lat' dir='ltr'><strong>vel</strong></span> <span class='ocrx_word' id='word_1_270' title='bbox 2182 3599 2419 3678; x_wconf 83' lang='lat' dir='ltr'><strong>saytea</strong></span> <span class='ocrx_word' id='word_1_271' title='bbox 2471 3593 2787 3659; x_wconf 86' lang='lat' dir='ltr'><strong>exivisset</strong></span> <span class='ocrx_word' id='word_1_272' title='bbox 2838 3601 3025 3661; x_wconf 88' lang='lat' dir='ltr'><strong>extra</strong></span> 
     </span>
     <span class='ocr_line' id='line_1_32' title="bbox 788 3700 3026 3785; baseline -0 -17"><span class='ocrx_word' id='word_1_273' title='bbox 788 3701 1154 3785; x_wconf 89' lang='lat' dir='ltr'><strong>Almisium‚</strong></span> <span class='ocrx_word' id='word_1_274' title='bbox 1176 3702 1284 3766; x_wconf 88' lang='lat' dir='ltr'><strong>vel</strong></span> <span class='ocrx_word' id='word_1_275' title='bbox 1307 3702 1502 3767; x_wconf 85' lang='lat' dir='ltr'><strong>terris</strong></span> <span class='ocrx_word' id='word_1_276' title='bbox 1535 3700 1690 3781; x_wconf 86' lang='lat' dir='ltr'><strong>suis,</strong></span> <span class='ocrx_word' id='word_1_277' title='bbox 1722 3702 1831 3768; x_wconf 84' lang='lat' dir='ltr'><strong>vel</strong></span> <span class='ocrx_word' id='word_1_278' title='bbox 1862 3701 2087 3784; x_wconf 89' lang='lat' dir='ltr'><strong>aliqua</strong></span> <span class='ocrx_word' id='word_1_279' title='bbox 2119 3720 2362 3781; x_wconf 89' lang='lat' dir='ltr'><strong>earum,</strong></span> <span class='ocrx_word' id='word_1_280' title='bbox 2398 3708 3026 3785; x_wconf 66' lang='lat' dir='ltr'><strong>antequam‘terram</strong></span> 
     </span>
     <span class='ocr_line' id='line_1_33' title="bbox 788 3806 3030 3894; baseline -0.001 -19"><span class='ocrx_word' id='word_1_281' title='bbox 788 3807 1229 3894; x_wconf 84' lang='lat' dir='ltr'><strong>perdidisset,</strong></span> <span class='ocrx_word' id='word_1_282' title='bbox 1285 3817 1352 3876; x_wconf 92' lang='lat' dir='ltr'><strong>et</strong></span> <span class='ocrx_word' id='word_1_283' title='bbox 1402 3806 1644 3873; x_wconf 90' lang='lat' dir='ltr'><strong>dictum</strong></span> <span class='ocrx_word' id='word_1_284' title='bbox 1697 3806 1948 3892; x_wconf 83' lang='lat' dir='ltr'><strong>lignum</strong></span> <span class='ocrx_word' id='word_1_285' title='bbox 1999 3808 2109 3875; x_wconf 84' lang='lat' dir='ltr'><strong>vel</strong></span> <span class='ocrx_word' id='word_1_286' title='bbox 2142 3815 2378 3893; x_wconf 84' lang='lat' dir='ltr'><strong>saytea</strong></span> <span class='ocrx_word' id='word_1_287' title='bbox 2426 3807 2674 3876; x_wconf 86' lang='lat' dir='ltr'><strong>faceret</strong></span> <span class='ocrx_word' id='word_1_288' title='bbox 2723 3809 3030 3878; x_wconf 89' lang='lat' dir='ltr'><strong>damnum</strong></span> 
     </span>
     <span class='ocr_line' id='line_1_34' title="bbox 790 3916 3029 4002; baseline 0.001 -19"><span class='ocrx_word' id='word_1_289' title='bbox 790 3916 1097 4002; x_wconf 89' lang='lat' dir='ltr'><strong>aliquod,</strong></span> <span class='ocrx_word' id='word_1_290' title='bbox 1150 3924 1449 3983; x_wconf 88' lang='lat' dir='ltr'><strong>teneatur</strong></span> <span class='ocrx_word' id='word_1_291' title='bbox 1495 3916 1884 3983; x_wconf 87' lang='lat' dir='ltr'><strong>satisfacere</strong></span> <span class='ocrx_word' id='word_1_292' title='bbox 1918 3918 2162 3983; x_wconf 91' lang='lat' dir='ltr'><strong>dictum</strong></span> <span class='ocrx_word' id='word_1_293' title='bbox 2214 3916 2576 4001; x_wconf 86' lang='lat' dir='ltr'><strong>dampnum</strong></span> <span class='ocrx_word' id='word_1_294' title='bbox 2625 3920 2689 3983; x_wconf 93' lang='lat' dir='ltr'><strong>in</strong></span> <span class='ocrx_word' id='word_1_295' title='bbox 2741 3918 3029 3985; x_wconf 90' lang='lat' dir='ltr'><strong>terminis</strong></span> 
     </span>
     <span class='ocr_line' id='line_1_35' title="bbox 793 4024 3029 4115; baseline 0.001 -22"><span class='ocrx_word' id='word_1_296' title='bbox 793 4024 1265 4111; x_wconf 86' lang='lat' dir='ltr'><strong>suprascriptis</strong></span> <span class='ocrx_word' id='word_1_297' title='bbox 1317 4030 1451 4091; x_wconf 89' lang='lat' dir='ltr'><strong>tam</strong></span> <span class='ocrx_word' id='word_1_298' title='bbox 1501 4027 1559 4091; x_wconf 90' lang='lat' dir='ltr'><strong>si</strong></span> <span class='ocrx_word' id='word_1_299' title='bbox 1591 4025 1833 4110; x_wconf 88' lang='lat' dir='ltr'><strong>lignum</strong></span> <span class='ocrx_word' id='word_1_300' title='bbox 1884 4027 2130 4093; x_wconf 86' lang='lat' dir='ltr'><strong>rediret</strong></span> <span class='ocrx_word' id='word_1_301' title='bbox 2160 4028 2246 4093; x_wconf 90' lang='lat' dir='ltr'><strong>ad</strong></span> <span class='ocrx_word' id='word_1_302' title='bbox 2295 4028 2445 4093; x_wconf 93' lang='lat' dir='ltr'><strong>loca</strong></span> <span class='ocrx_word' id='word_1_303' title='bbox 2474 4026 2797 4115; x_wconf 84' lang='lat' dir='ltr'><strong>predicta,</strong></span> <span class='ocrx_word' id='word_1_304' title='bbox 2833 4047 3029 4111; x_wconf 88' lang='lat' dir='ltr'><strong>quam</strong></span> 
     </span>
     <span class='ocr_line' id='line_1_36' title="bbox 789 4132 3029 4220; baseline 0 -18"><span class='ocrx_word' id='word_1_305' title='bbox 789 4156 948 4219; x_wconf 90' lang='lat' dir='ltr'><strong>non,</strong></span> <span class='ocrx_word' id='word_1_306' title='bbox 997 4139 1065 4200; x_wconf 92' lang='lat' dir='ltr'><strong>et</strong></span> <span class='ocrx_word' id='word_1_307' title='bbox 1119 4132 1460 4201; x_wconf 89' lang='lat' dir='ltr'><strong>satisfacto</strong></span> <span class='ocrx_word' id='word_1_308' title='bbox 1496 4134 1785 4217; x_wconf 89' lang='lat' dir='ltr'><strong>dampno</strong></span> <span class='ocrx_word' id='word_1_309' title='bbox 1835 4153 1966 4202; x_wconf 92' lang='lat' dir='ltr'><strong>non</strong></span> <span class='ocrx_word' id='word_1_310' title='bbox 1996 4142 2320 4202; x_wconf 84' lang='lat' dir='ltr'><strong>teneatur.</strong></span> <span class='ocrx_word' id='word_1_311' title='bbox 2370 4136 2646 4220; x_wconf 87' lang='lat' dir='ltr'><strong>Insuper</strong></span> <span class='ocrx_word' id='word_1_312' title='bbox 2695 4136 3029 4219; x_wconf 89' lang='lat' dir='ltr'><strong>predictus</strong></span> 
     </span>
     <span class='ocr_line' id='line_1_37' title="bbox 793 4241 3031 4329; baseline -0 -17"><span class='ocrx_word' id='word_1_313' title='bbox 793 4244 1093 4312; x_wconf 87' lang='lat' dir='ltr'><strong>dominus</strong></span> <span class='ocrx_word' id='word_1_314' title='bbox 1146 4241 1471 4329; x_wconf 82' lang='lat' dir='ltr'><strong>Georgius</strong></span> <span class='ocrx_word' id='word_1_315' title='bbox 1505 4242 1739 4311; x_wconf 82' lang='lat' dir='ltr'><strong>Comes</strong></span> <span class='ocrx_word' id='word_1_316' title='bbox 1787 4262 1905 4327; x_wconf 87' lang='lat' dir='ltr'><strong>per</strong></span> <span class='ocrx_word' id='word_1_317' title='bbox 1938 4263 2011 4311; x_wconf 91' lang='lat' dir='ltr'><strong>se</strong></span> <span class='ocrx_word' id='word_1_318' title='bbox 2046 4253 2111 4309; x_wconf 91' lang='lat' dir='ltr'><strong>et</strong></span> <span class='ocrx_word' id='word_1_319' title='bbox 2140 4262 2296 4310; x_wconf 88' lang='lat' dir='ltr'><strong>suos</strong></span> <span class='ocrx_word' id='word_1_320' title='bbox 2345 4242 2641 4309; x_wconf 89' lang='lat' dir='ltr'><strong>homines</strong></span> <span class='ocrx_word' id='word_1_321' title='bbox 2674 4252 2741 4311; x_wconf 93' lang='lat' dir='ltr'><strong>et</strong></span> <span class='ocrx_word' id='word_1_322' title='bbox 2771 4248 3031 4314; x_wconf 91' lang='lat' dir='ltr'><strong>nomine</strong></span> 
     </span>
     <span class='ocr_line' id='line_1_38' title="bbox 790 4351 3031 4439; baseline 0 -19"><span class='ocrx_word' id='word_1_323' title='bbox 790 4352 1119 4423; x_wconf 89' lang='lat' dir='ltr'><strong>hominum</strong></span> <span class='ocrx_word' id='word_1_324' title='bbox 1154 4357 1222 4417; x_wconf 90' lang='lat' dir='ltr'><strong>et</strong></span> <span class='ocrx_word' id='word_1_325' title='bbox 1273 4353 1646 4419; x_wconf 86' lang='lat' dir='ltr'><strong>Communis</strong></span> <span class='ocrx_word' id='word_1_326' title='bbox 1698 4353 1979 4438; x_wconf 90' lang='lat' dir='ltr'><strong>Almisii‚</strong></span> <span class='ocrx_word' id='word_1_327' title='bbox 2014 4358 2084 4416; x_wconf 89' lang='lat' dir='ltr'><strong>ut</strong></span> <span class='ocrx_word' id='word_1_328' title='bbox 2120 4351 2483 4437; x_wconf 88' lang='lat' dir='ltr'><strong>predictum</strong></span> <span class='ocrx_word' id='word_1_329' title='bbox 2516 4360 2633 4432; x_wconf 87' lang='lat' dir='ltr'><strong>est,</strong></span> <span class='ocrx_word' id='word_1_330' title='bbox 2657 4353 2914 4439; x_wconf 85' lang='lat' dir='ltr'><strong>juravit</strong></span> <span class='ocrx_word' id='word_1_331' title='bbox 2944 4356 3031 4425; x_wconf 92' lang='lat' dir='ltr'><strong>ad</strong></span> 
     </span>
     <span class='ocr_line' id='line_1_39' title="bbox 791 4462 3027 4548; baseline 0.002 -18"><span class='ocrx_word' id='word_1_332' title='bbox 791 4465 1035 4532; x_wconf 88' lang='lat' dir='ltr'><strong>Sancta</strong></span> <span class='ocrx_word' id='word_1_333' title='bbox 1087 4463 1212 4529; x_wconf 90' lang='lat' dir='ltr'><strong>Dei</strong></span> <span class='ocrx_word' id='word_1_334' title='bbox 1265 4462 1633 4545; x_wconf 84' lang='lat' dir='ltr'><strong>Evangelia</strong></span> <span class='ocrx_word' id='word_1_335' title='bbox 1686 4464 2119 4548; x_wconf 88' lang='lat' dir='ltr'><strong>corporaliter</strong></span> <span class='ocrx_word' id='word_1_336' title='bbox 2168 4470 2343 4529; x_wconf 89' lang='lat' dir='ltr'><strong>tacto</strong></span> <span class='ocrx_word' id='word_1_337' title='bbox 2396 4464 2564 4530; x_wconf 89' lang='lat' dir='ltr'><strong>libro</strong></span> <span class='ocrx_word' id='word_1_338' title='bbox 2617 4465 2684 4528; x_wconf 92' lang='lat' dir='ltr'><strong>in</strong></span> <span class='ocrx_word' id='word_1_339' title='bbox 2734 4466 3027 4534; x_wconf 89' lang='lat' dir='ltr'><strong>animam</strong></span> 
     </span>
     <span class='ocr_line' id='line_1_40' title="bbox 794 4570 3025 4660; baseline 0.002 -20"><span class='ocrx_word' id='word_1_340' title='bbox 794 4593 983 4640; x_wconf 87' lang='lat' dir='ltr'><strong>suam</strong></span> <span class='ocrx_word' id='word_1_341' title='bbox 1017 4580 1082 4640; x_wconf 90' lang='lat' dir='ltr'><strong>et</strong></span> <span class='ocrx_word' id='word_1_342' title='bbox 1113 4592 1375 4641; x_wconf 89' lang='lat' dir='ltr'><strong>suorum</strong></span> <span class='ocrx_word' id='word_1_343' title='bbox 1409 4570 1744 4640; x_wconf 89' lang='lat' dir='ltr'><strong>hominum</strong></span> <span class='ocrx_word' id='word_1_344' title='bbox 1763 4625 1783 4660; x_wconf 90' lang='lat'><strong>,</strong></span> <span class='ocrx_word' id='word_1_345' title='bbox 1814 4593 1895 4643; x_wconf 89' lang='lat' dir='ltr'><strong>ac</strong></span> <span class='ocrx_word' id='word_1_346' title='bbox 1923 4571 2257 4640; x_wconf 91' lang='lat' dir='ltr'><strong>hominum</strong></span> <span class='ocrx_word' id='word_1_347' title='bbox 2288 4572 2550 4639; x_wconf 89' lang='lat' dir='ltr'><strong>Almisii</strong></span> <span class='ocrx_word' id='word_1_348' title='bbox 2588 4574 3025 4657; x_wconf 88' lang='lat' dir='ltr'><strong>predictorum</strong></span> 
     </span>
     <span class='ocr_line' id='line_1_41' title="bbox 796 4680 3022 4767; baseline 0.002 -20"><span class='ocrx_word' id='word_1_349' title='bbox 796 4681 1140 4750; x_wconf 87' lang='lat' dir='ltr'><strong>attendere</strong></span> <span class='ocrx_word' id='word_1_350' title='bbox 1172 4688 1237 4746; x_wconf 86' lang='lat' dir='ltr'><strong>et</strong></span> <span class='ocrx_word' id='word_1_351' title='bbox 1269 4681 1623 4749; x_wconf 85' lang='lat' dir='ltr'><strong>observare</strong></span> <span class='ocrx_word' id='word_1_352' title='bbox 1660 4688 1727 4747; x_wconf 87' lang='lat' dir='ltr'><strong>et</strong></span> <span class='ocrx_word' id='word_1_353' title='bbox 1758 4681 2122 4767; x_wconf 87' lang='lat' dir='ltr'><strong>adimplere</strong></span> <span class='ocrx_word' id='word_1_354' title='bbox 2141 4732 2160 4765; x_wconf 93' lang='lat'><strong>,</strong></span> <span class='ocrx_word' id='word_1_355' title='bbox 2206 4685 2274 4747; x_wconf 85' lang='lat' dir='ltr'><strong>et</strong></span> <span class='ocrx_word' id='word_1_356' title='bbox 2304 4680 2557 4750; x_wconf 84' lang='lat' dir='ltr'><strong>attendi</strong></span> <span class='ocrx_word' id='word_1_357' title='bbox 2587 4691 2654 4749; x_wconf 89' lang='lat' dir='ltr'><strong>et</strong></span> <span class='ocrx_word' id='word_1_358' title='bbox 2683 4684 3022 4752; x_wconf 81' lang='lat' dir='ltr'><strong>observari</strong></span> 
     </span>
    </p>
   </div>
  </div>
 </body>
</html>
