3416 5313
1403 376 1539 462 257

1392 1044 1555 1112 loo.

340 1242 402 1308 A
431 1242 837 1331 naqudradi
866 1241 1180 1329 kdptalan
1210 1241 1738 1330 bizonysciqlevele
1757 1291 1776 1327 ‚
1826 1242 1984 1329 hoyy
2016 1265 2059 1306 a
2096 1241 2402 1309 thaanddi
2417 1242 2591 1329 slies-

324 1361 540 1437 pc-rest
570 1352 787 1418 Zovan
816 1348 1061 1436 helyae-q
1094 1349 1474 1417 lakosainak
1521 1349 1789 1416 neve'be‘n
1834 1373 1912 1414 az
1944 1351 2147 1416 ottani
2175 1351 2456 1416 kolostor
2488 1351 2593 1416 ba-

980 1457 1160 1523 weitai
1189 1455 1347 1523 ellen
1377 1458 1551 1523 dvdst
1581 1467 1710 1525 tect.
1743 1459 1942 1528 1300.

556 1652 934 1740 Capitulum
968 1651 1267 1722 Ecclesie
1298 1652 1757 1723 waradiensis
1810 1654 2116 1724 omnibus
2167 1652 2412 1722 Christi
2441 1655 2592 1723 fide-

336 1766 513 1834 libus
535 1814 552 1847 ‚
606 1781 882 1848 presens
913 1761 1308 1846 inspecturis
1360 1763 1644 1831 salutem
1678 1768 1743 1827 et
1773 1762 2327 1831 benediccionem.
2378 1763 2592 1843 Quum

323 1877 518 1961 ,justa
548 1870 923 1958 petentibus
957 1886 1273 1939 assensus
1306 1869 1626 1954 denegari
1655 1875 1943 1953 nequeat
1965 1922 1984 1956 ,
2024 1879 2090 1938 et
2121 1869 2298 1955 quod
2330 1870 2396 1938 in
2428 1877 2585 1937 tem—

336 2001 502 2071 pore
532 1980 644 2064 fit,
693 1979 762 2047 id
794 1980 1162 2049 litterarum
1214 1978 1606 2048 testimoniis
1638 1981 1926 2049 humane
1958 1978 2124 2069 eripi
2154 1978 2401 2051 debeat
2431 1977 2589 2047 obli·

335 2090 542 2173 vioni,
574 2108 657 2157 ne
691 2087 862 2173 quod
893 2090 1067 2175 male
1104 2085 1372 2173 factum,
1434 2089 1499 2154 in
1544 2094 1839 2175 tempore
1876 2108 1996 2174 per
2027 2088 2305 2159 abusum
2345 2088 2593 2173 justum
2639 2147 2654 2164 ‚

339 2198 586 2267 evadat
635 2200 701 2266 et
748 2197 1013 2266 stabile.
1067 2195 1239 2265 Hinc
1289 2198 1375 2265 ad
1427 2197 1879 2265 uniuersorum
1928 2196 2238 2267 noticiam
2294 2197 2592 2264 volumus

333 2305 721 2392 pervenire,
774 2304 952 2390 quod
984 2305 1280 2373 universi
1329 2304 1815 2373 inhabitatores
1850 2311 1915 2372 et
1955 2323 2383 2391 possessores
2431 2304 2590 2372 ville

342 2418 574 2486 Zovan
607 2414 675 2481 in
708 2412 1038 2482 Comitatu
1071 2414 1504 2496 deKarazna
1527 2414 1903 2500 existentis‚'
1931 2413 2146 2484 medio
2179 2410 2591 2483 honorabilis

337 2530 406 2591 et
436 2523 707 2593 discreti
737 2522 864 2590 viri
913 2520 1160 2592 domini
1190 2521 1660 2591 Archidiaconi
1713 2522 1795 2590 de
1828 2519 2150 2590 Thasnad
2200 2540 2349 2589 eam
2395 2521 2590 2588 nobis

341 2631 876 2719 significaverunt
907 2630 1252 2715 querelam
1272 2683 1291 2719 ‚
1347 2631 1525 2716 quod
1556 2631 1716 2700 licet
1747 2632 2053 2701 monachi
2087 2630 2354 2700 claustri
2388 2629 2455 2697 in
2488 2650 2592 2698 ea-

341 2742 494 2810 dem
524 2740 686 2810 villa
715 2759 798 2806 ex
849 2741 1277 2828 eleemozyna
1329 2739 1566 2811 Jacobi
1599 2740 1755 2809 olim
1788 2740 2135 2824 ‹lquwsal
2153 2790 2172 2826 ‚
2223 2743 2377 2807 ante
2407 2759 2591 2808 secu-

339 2850 475 2917 lum
509 2849 646 2918 fere·
680 2849 1027 2936 exstructi,
1064 2857 1130 2916 et
1162 2848 1406 2920 abhinc
1434 2850 1550 2936 pia
1598 2858 1664 2918 et
1694 2849 1906 2917 libera
1936 2850 2228 2938 ipsorum
2260 2847 2590 2916 inhabita·

337 2965 555 3027 torum
587 2960 1013 3042 eleemozyna
1059 2958 1363 3043 sustenti‚
1403 2958 1652 3026 nullum
1683 2958 1865 3025 aliud
1896 2957 1965 3022 in
1997 2959 2214 3042 ipsam
2264 2956 2493 3025 villam
2525 2962 2592 3026 et

337 3064 636 3151 ejusdem
655 3066 1134 3136 inhabitatores
1153 3066 1503 3136 habuerint
1522 3066 1611 3134 ab
1644 3071 1845 3134 antea
1866 3071 1934 3132 et
1958 3084 2222 3153 semper
2234 3065 2368 3150 jus,
2392 3084 2589 3150 quam

340 3193 532 3241 sacra
552 3171 796 3241 Christi
825 3173 1133 3242 fidelibus
1168 3174 1696 3262 administrandi,
1731 3193 1815 3241 ne
1847 3172 2133 3261 populus
2166 3172 2237 3239 in
2269 3176 2458 3242 tanta
2489 3173 2592 3239 iti·

341 3282 524 3351 neris
576 3282 907 3353 distancia
926 3331 945 3367 ,
996 3284 1249 3366 absque
1281 3282 1418 3350 ulla
1451 3283 1649 3369 plane
1696 3281 2031 3368 spirituali
2084 3287 2153 3350 et
2204 3281 2590 3365 quotidiana

338 3411 681 3460 sacrorum
713 3390 1176 3460 consolacione
1207 3395 1580 3459 remaneret
1608 3414 1623 3476 ς
1672 3390 1803 3479 ipsi
1833 3395 2101 3477 tamem,
2137 3389 2425 3458 nescitur
2456 3408 2587 3473 quo

338 3497 596 3593 inducti
626 3497 902 3568 consilio
925 3549 944 3585 ‚
996 3502 1112 3565 aut
1143 3497 1494 3568 interdicto
1513 3549 1532 3582 ,
1583 3518 1812 3566 omnes
1863 3499 2032 3566 alios
2065 3497 2448 3566 sacerdotes
2500 3516 2587 3564 ex

340 3608 578 3675 cadem
608 3605 769 3674 villa
799 3625 1037 3675 exesse
1092 3606 1336 3676 debere
1369 3604 1796 3693 metendam,
1851 3613 1919 3674 et
1951 3607 2406 3676 honorabilem
2455 3606 2587 3674 fra-

340 3722 507 3783 trem
541 3712 929 3800 Grregorium
960 3714 1417 3800 presbyterum
1466 3713 1768 3785 Ecclesie
1800 3712 2297 3798 waradiensis,
2345 3714 2590 3782 festiva

341 3838 541 3891 sacra
570 3821 918 3907 predicare
967 3823 1210 3909 populo
1258 3821 1744 3910 intendentem,
1798 3826 1883 3891 ab
1916 3824 2067 3907 ipsa
2102 3820 2407 3892 Ecclesia
2444 3841 2589 3892 cum

343 3952 481 4000 non
511 3929 642 3998 levi
672 3930 1117 4000 Sacrosancte
1148 3931 1448 4002 Ecclesie
1470 3930 1807 4016 scandalo,
1840 3936 1908 3999 et
1941 3931 2008 3997 in
2034 3932 2383 3999 obversum
2415 3928 2590 3999 edic-

339 4046 556 4107 torum
589 4036 1080 4126 Episcopalium
1129 4039 1547 4125 excluserint,
1599 4045 2017 4126 asserentes,
2050 4058 2125 4107 se
2170 4039 2591 4126 privilegium

342 4146 592 4215 habere
622 4164 667 4213 a
713 4143 979 4216 domino
1011 4148 1198 4234 Papa
1229 4169 1428 4238 super
1451 4147 1928 4236 jurisdiccione
1978 4148 2182 4234 plane
2211 4147 2590 4217 Diocesana

353 4276 474 4327 seu
491 4252 882 4343 Episcopali
912 4255 1264 4325 eorundem
1294 4256 1364 4326 in
1382 4257 1629 4327 dictam
1657 4257 1882 4325 villam
1905 4255 2242 4324 exclusive
2263 4273 2583 4324 concessa

349 4363 564 4443 Quum
594 4369 815 4431 autem
845 4361 975 4450 ipsi
992 4363 1472 4437 inhabitatores
1503 4364 1586 4434 de
1615 4363 1740 4433 tali
1770 4363 2192 4433 concessione
2211 4361 2377 4430 nihil
2405 4383 2590 4451 pror-

357 4493 473 4544 sus
504 4471 741 4558 sciant,
760 4492 885 4542 nec
914 4472 1292 4542 honorabili
1321 4474 1463 4544 viro
1484 4472 1749 4542 domino
1766 4470 2248 4541 Archidiacono
2279 4471 2362 4538 de
2383 4468 2590 4541 Thas-

349 4582 487 4651 nad
514 4579 878 4666 quidquam
911 4580 996 4651 de
1029 4601 1108 4651 eo
1141 4583 1429 4673 constet',
1462 4585 1617 4653 hine
1645 4581 1823 4653 idem
1854 4582 2120 4652 nomine
2151 4602 2272 4651 suo
2289 4633 2309 4669 ,
2345 4588 2412 4648 et
2444 4579 2590 4647 uni-

356 4708 700 4763 versorum
737 4690 1268 4762 *inhabitatorum
1300 4691 1476 4763 dicte
1506 4693 1662 4764 ville
1711 4691 2142 4780 protestando
2174 4689 2592 4770 contradixit,

447 4818 656 4859 mosum.
676 4816 837 4858 nune.
856 4817 991 4858 ms‘r.
1014 4818 1150 4860 mrn.
1171 4839 1225 4848 —
1241 4818 1307 4861 ιο.
2205 4799 2285 4865 17
