3416 5313
1852 404 1982 470 166

797 606 1167 686 constituto,
1202 610 1267 671 et
1299 600 1379 668 de
1411 601 1683 686 reliquis
1719 601 1989 670 totidem
2024 602 2154 686 fiet,
2188 603 2359 670 sicut
2390 601 2461 668 in
2495 601 2725 669 eadem
2761 602 3036 687 publica

801 713 1276 784 testificacione
1307 711 1705 780 Nunciorum
1740 713 2072 799 ipsorum,
2123 719 2197 779 ut
2228 710 2606 798 predicitur,
2641 710 3045 779 declaratur.

798 824 979 893 Dicti
1011 844 1168 893 vero
1198 823 1440 890 Nuncii
1474 820 1763 888 eiusdem
1797 820 2116 905 Dalphini
2135 871 2153 904 ,
2212 824 2474 906 plenam
2518 821 2607 889 ad
2636 821 2765 887 hoc
2801 818 3051 889 haben-

799 942 901 1003 tes
936 938 1333 1018 potestatem
1355 981 1371 1007 ‚
1404 935 1474 997 ut
1508 929 1800 998 constitit
1828 929 2094 996 nomine
2125 935 2187 995 et
2220 949 2338 1015 pro
2376 925 2735 1016 parte'tam
2767 927 3053 1016 predicti

801 1042 1048 1111 domini
1082 1039 1456 1121 Humberti,
1491 1035 1813 1122 Dalphini
1845 1039 2056 1123 patris
2080 1087 2096 1119 ,
2153 1057 2346 1119 quam
2381 1036 2673 1105 eiusdem
2717 1036 3053 1105 Johannis

802 1149 1222 1241 primogeniti
1243 1149 1370 1233 sui,
1413 1148 1889 1215 constituerunt
1913 1146 2088 1213 dicte
2120 1147 2388 1213 domine
2410 1148 2701 1215 Beatrici
2725 1146 3053 1214 dotarium
3146 1162 3151 1168 ·

802 1262 1001 1328 trium
1032 1258 1306 1324 millium
1346 1276 1704 1324 annuarum
1739 1256 2047 1323 librarum
2081 1256 2559 1323 Turonensium
2583 1254 3056 1340 predictarum,

805 1368 975 1453 quod
1009 1365 1180 1432 infra
1210 1364 1420 1451 primo
1454 1364 1738 1431 futurum
1761 1362 2000 1429 festum
2034 1363 2336 1430 Omnium
2359 1366 2772 1447 Sanctorum,
2806 1383 2888 1429 ac
2918 1370 3054 1429 tar-

809 1479 957 1544 dius
991 1496 1107 1562 per
1141 1475 1354 1560 ipsum
1386 1474 1796 1558 Dalphinum
1828 1494 1972 1541 cum
2026 1474 2442 1541 consciencia
2474 1473 2848 1540 Senescalli
2897 1475 3058 1542 Pro-

805 1585 1025 1653 vincie
1057 1585 1124 1649 in
1158 1590 1335 1651 terra
1386 1582 1804 1649 convenienti
1857 1581 2151 1649 eiusdem
2186 1581 2436 1648 valoris
2490 1580 2692 1645 annui
2745 1579 2827 1644 (16
2879 1585 3061 1647 terra

807 1692 967 1760 dicti
998 1692 1318 1777 Dalphini
1371 1698 1727 1772 statuetur,
1781 1695 1844 1755 et
1879 1692 2088 1758 eciam
2137 1689 2617 1772 distinguetur3
2673 1689 2849 1756 circa
2884 1688 3060 1772 quod

805 1803 963 1870 dicti
996 1799 1235 1869 Nuncii
1269 1798 1712 1885 promiserunt
1732 1817 1805 1865 se
1839 1798 2131 1865 facturos
2155 1803 2220 1862 et
2255 1803 2612 1880 curaturos,
2649 1798 2823 1879 quod
2846 1797 3061 1864 dictus

804 1917 1088 1993 uterque
1124 1909 1427 1976 dominus
1458 1906 1854 1991 Dalpbinus,
1890 1913 2079 1992 pater
2099 1913 2165 1973 et
2195 1904 2389 1990 filius,
2425 1910 2678 1991 cuncta,
2712 1907 2883 1973 sicut
2914 1926 3061 1990 pre·

804 2026 1084 2086 narrata
1115 2024 1286 2099 sunt,
1321 2017 1770 2084 observabunt
1820 2012 2311 2097 inviolabiliter,
2364 2019 2430 2079 et
2463 2010 2820 2079 efficaciter
2853 2013 3061 2080 adim-

808 2126 1117 2214 plebunt3
1153 2133 1216 2193 et
1246 2132 1387 2192 tam
1417 2123 1747 2208 predictus
1773 2121 2274 2191 Bartholomeus
2308 2121 2569 2187 nomine
2595 2127 2661 2189 et
2693 2141 2811 2206 pro
2848 2128 3063 2207 parte,

808 2258 889 2304 ac
921 2240 987 2304 in
1022 2235 1311 2301 animam
1346 2235 1555 2318 ipsius
1588 2233 1835 2299 domini
1869 2231 2093 2315 Regis,
2135 2251 2176 2295 a
2208 2249 2334 2313 quo
2369 2228 2450 2294 de
2481 2228 2609 2294 hoc
2641 2231 2910 2314 plenam
2945 2231 3066 2296 ha-

804 2345 981 2428 buit,
1031 2352 1103 2409 ut
1133 2344 1448 2429 constitit,
1483 2347 1916 2429 potestatem,
1952 2360 2148 2425 quam
2201 2339 2360 2405 dicti
2389 2339 2627 2405 Nuncii
2681 2339 2944 2406 nomine
2984 2347 3053 2405 et

806 2473 924 2536 pro
958 2458 1163 2539 parte,
1198 2471 1279 2518 ac
1311 2452 1376 2516 in
1410 2450 1696 2516 animam
1732 2452 2020 2534 ipsorum
2053 2451 2389 2531 utriusque
2412 2447 2753 2532 Dalpbini,
2788 2447 2871 2513 de
2907 2467 3057 2532 pre·

810 2561 1031 2626 missis
1065 2557 1363 2625 omnibus
1398 2563 1463 2621 et
1512 2556 1796 2641 singulis
1849 2556 2287 2642 adimplendis
2337 2565 2403 2622 et
2444 2555 2828 2642 servandis,
2885 2555 3061 2622 sicut

809 2668 1270 2755 prenominata
1302 2673 1473 2744 sunt,
1507 2667 1574 2731 in
1609 2669 1909 2733 manibus
1944 2668 2102 2734 meis
2127 2717 2142 2748 ,
2178 2666 2456 2751 predicti
2496 2667 2757 2734 Notarii
2779 2718 2796 2752 ,
2851 2666 3054 2734 tactis

809 2778 1266 2844 Sacrosanctis
1316 2775 1703 2859 Evangeliis
1755 2776 2186 2859 prestiterunt
2247 2776 2615 2858 corporalia
2667 2777 3055 2843 iuramenta.

807 2887 885 2954 In
918 2886 1103 2955 cuius
1134 2886 1231 2953 rei
1266 2883 1479 2966 fidem,
1513 2884 1959 2952 testimonium
1993 2891 2057 2949 et
2079 2888 2410 2951 cautelam
2430 2885 2611 2951 facta
2643 2891 2792 2951 sunt
2817 2883 3061 2952 exinde

808 3015 928 3081 pcr
961 3014 1063 3061 me
1098 2994 1444 3065 Notarium
1477 2994 1926 3076 supradictum
1957 2993 2088 3059 duo
2123 2994 2396 3079 publica
2426 2994 2792 3059 consimilia
2824 2995 3060 3060 instru-

810 3111 1067 3187 menta,
1100 3100 1539 3187 pendentibus
1575 3109 1711 3169 tam
1744 3104 1952 3187 ipsius
1988 3102 2235 3168 domini
2266 3101 2687 3168 Hierusalem
2720 3108 2784 3168 ct
2831 3102 3060 3169 Sicilie

811 3213 1032 3296 Regis,
1066 3232 1263 3296 quam
1280 3209 1677 3279 Nunciorum
1701 3210 1987 3295 ipsorum
2013 3209 2274 3293 sigillis,
2299 3215 2367 3276 et
2385 3229 2535 3277 mea
2563 3211 3059 3295 subscripcione

812 3324 1100 3407 munita3
1156 3339 1430 3407 presens
1465 3320 1721 3389 scilicet
1771 3319 1982 3387 eidem
2018 3319 2357 3401 Dalphino
2392 3337 2510 3404 per
2563 3320 2833 3386 eosdem
2866 3318 3060 3385 Nun-

812 3430 947 3498 cios
997 3428 1443 3511 deferendum,
1479 3434 1544 3494 et
1595 3428 1875 3493 alterum
1924 3445 2128 3512 penes
2181 3426 2393 3511 ipsum
2428 3427 2763 3493 dominum
2813 3426 3063 3511 Regem

812 3539 1224 3607 Hierusalem
1259 3546 1323 3606 et
1356 3537 1584 3605 Sicilie
1627 3536 2171 3606 conservandum.
2207 3535 2444 3602 Actum
2476 3536 2763 3620 Neapoli
2815 3555 3060 3622 mense,

814 3647 920 3716 die
953 3655 1021 3716 et
1052 3648 1430 3716 Indiccione
1460 3647 1876 3734 pretitulatis.

2036 3737 2120 3801 Et
2176 3755 2299 3819 ego
2351 3736 2585 3803 Petrus
2641 3734 2927 3804 Grassus
2978 3738 3064 3805 de

1878 3844 2204 3930 Neapoli,
2257 3844 2367 3927 qui
2428 3863 2648 3931 supra,
2703 3845 2947 3929 Regius
2998 3851 3067 3912 et

1880 3953 2192 4021 Publicus
2232 3953 2621 4037 Apostolica
2673 3952 3066 4021 auctoritate

1879 4061 2224 4142 Notarius,
2273 4061 2587 4147 predictis
2635 4062 2932 4128 omnibus
2997 4068 3069 4127 et

1884 4170 2165 4255 singulis
2205 4167 2492 4253 interfui,
2540 4188 2749 4255 eaque
2792 4171 3064 4256 propria

1884 4300 2083 4346 manu
2146 4279 2505 4363 subscripsi
2573 4285 2640 4344 et
2696 4277 3060 4366 publicavi,

1889 4410 2164 4474 meoque
2206 4390 2400 4458 solito
2444 4389 2633 4476 signo
2667 4388 2935 4476 signavi
2966 4409 3068 4458 ro-

1887 4504 2101 4583 gatus.

1036 4657 1206 4728 (Hist.
1233 4657 1303 4713 de
1332 4655 1638 4731 Dauphine
1658 4657 1756 4729 (de
1781 4656 2183 4728 Valbonnais.)
2211 4657 2371 4716 P.11.
2391 4658 2618 4716 77—78.
2649 4656 2844 4729 Uzeclz.)
