3416 5313
1855 352 1945 418 34

1845 1022 1964 1090 22.

771 1241 897 1307 III.
919 1241 1135 1305 Endrc
1153 1239 1362 1327 kirdly
1382 1242 1584 1326 dtirja
1605 1242 1668 1303 e's
1686 1241 2041 1326 moqer38iti
2059 1239 2181 1308 IV.
2206 1239 2436 1305 Ldszlo'
2450 1239 2798 1328 kirdlynak
2820 1245 3016 1309 1277.

779 1352 878 1413 έυί
897 1347 1129 1433 lez-elec,
1149 1347 1440 1435 melylyel
1460 1371 1527 1413 ez
1545 1370 1585 1412 a
1594 1349 1905 1435 pozsonyi
1921 1346 2236 1433 kdptalan
2255 1347 2529 1414 birtokcit
2552 1372 2646 1415 me
2649 1351 3020 1436 qcrb'sitette.

1792 1459 1829 1520 1
1838 1457 1963 1521 291
1973 1507 1988 1523 .

1023 1655 1332 1723 Andreas
1394 1655 1525 1722 Dei
1588 1654 1816 1739 gracia
1867 1654 2158 1740 Ungarie
2181 1703 2199 1738 ‚
2265 1655 2612 1724 Dalmacie
2633 1708 2651 1743 ‚
2716 1658 3014 1746 Oroacie‚

770 1766 977 1853 Rame
996 1816 1012 1851 ,
1048 1765 1276 1832 Seruie
1298 1815 1316 1849 ,
1353 1764 1636 1832 Gallicie
1654 1819 1674 1855 ‚
1707 1765 2132 1852 Lodomerie‚
2185 1764 2499 1832 Comanie
2519 1814 2536 1848 ,
2573 1767 3015 1853 Bulgarieque

768 1876 912 1941 Rex
945 1874 1266 1942 vniuersis
1299 1880 1649 1958 presentes
1700 1875 1953 1941 litteras
1985 1874 2387 1942 intuentibus
2408 1925 2425 1958 ‚
2479 1873 2764 1941 salutem
2800 1876 2865 1942 in
2899 1884 3014 1945 sa*

770 1983 927 2049 lutis
963 1983 1295 2067 largitore.
1344 1983 1448 2049 Ad
1484 1984 1936 2051 vniuersorum
1973 1983 2287 2049 noticiam
2321 1982 2549 2050 harum
2595 1984 2767 2051 serie
2813 1986 3014 2052 wolu-

770 2112 911 2160 mus
944 2092 1286 2176 peruenire
1307 2142 1325 2177 ‚
1377 2090 1549 2172 quod
1582 2091 1901 2157 discretus
1934 2090 2033 2157 vir
2060 2094 2373 2174 magister
2404 2092 2597 2158 Haab
2632 2093 3014 2177 Prepositus

770 2209 837 2271 et
868 2202 1239 2287 Capitulum
1275 2201 1573 2267 Ecclesie
1608 2201 2035 2270 Posoniensis
2089 2200 2318 2268 fideles
2352 2199 2564 2267 nostri
2600 2201 2686 2266 ad
2718 2208 3013 2271 nostram

768 2309 1159 2377 accedentes
1191 2310 1630 2394 presenciam,
1665 2309 2103 2377 exhibuerunt
2133 2310 2323 2375 nobis
2354 2309 2769 2394 priuilegium
2811 2309 3012 2378 domi·

769 2419 836 2485 ni
868 2417 1169 2485 Ladizlai
1201 2420 1378 2484 clare
1413 2418 1723 2484 memorie
1773 2410 2058 2485 Illustris
2093 2417 2421 2502 quondam
2461 2418 2666 2505 Regis
2703 2418 3010 2507 Vngarie,

771 2526 1084 2614 patruelis
1117 2527 1325 2593 nostri
1375 2526 1751 2615 karissimi,
1804 2545 2001 2609 super
2032 2527 2208 2593 facto
2228 2577 2248 2610 ‚
2302 2546 2418 2594 seu
2451 2526 2821 2595 donacione
2853 2549 3011 2613 qua·

768 2635 1062 2706 rumdam
1095 2637 1401 2703 villarum
1433 2636 1681 2706 Samud
1702 2691 1721 2725 ,
1774 2637 1970 2707 Welk
2004 2642 2070 2704 et
2098 2636 2311 2706 Kurth
2344 2643 2727 2706 uocatarum
2747 2689 2764 2722 ,
2799 2658 2879 2705 ac
2909 2659 3011 2706 su—

768 2768 885 2833 per
916 2745 1307 2830 quibusdam
1340 2747 1722 2833 piscaturis,
1758 2746 1911 2814 olim
1946 2745 2336 2831 confectum,
2372 2753 2676 2831 petentes
2708 2767 2750 2815 a
2781 2754 3009 2815 nostra

769 2854 1172 2925 celsitudine
1209 2874 1351 2920 cum
1383 2855 1750 2945 instancia,
1790 2864 1860 2924 vt
1892 2856 2326 2924 donacionem
2360 2856 2445 2923 de
2484 2857 2802 2941 predictis
2833 2856 3007 2924 villis

769 2973 834 3030 et
863 2964 1219 3051 piscaturis
1273 2965 1699 3048 Prepositure
1753 2971 1818 3031 et
1851 2964 2152 3032 Ecclesie
2183 2964 2567 3032 Posoniensi
2617 2965 2865 3032 factam
2895 2983 3006 3030 ra-

764 3083 900 3142 tam
931 3071 1193 3156 habere,
1228 3078 1293 3140 et
1322 3072 1536 3156 ipsum
1568 3074 1980 3160 priuilegium
2033 3072 2280 3140 domini
2330 3073 2631 3141 Ladizlai
2677 3074 2882 3158 Regis
2914 3071 3008 3138 in-

765 3181 1092 3271 nouando‚
1123 3189 1346 3249 nostro
1382 3182 1806 3266 dignaremur
1825 3181 2169 3267 priuilegio
2204 3180 2607 3251 confirmare.
2637 3182 2837 3252 Cuius
2870 3182 3006 3265 qui-

764 3292 912 3357 dem
943 3289 1276 3377 priuilegij
1315 3296 1499 3356 tenor
1534 3291 1690 3356 talis
1725 3297 1827 3358 est
1858 3314 1873 3355 ε

986 3399 1343 3467 Ladizlaus
1377 3398 1504 3465 stb.
1541 3402 1907 3475 (kovetkezik
1940 3407 2040 3463 IV.
2074 3404 2277 3462 Laszlo
2309 3405 2499 3478 kiraly
2527 3406 2782 3461 1277-ki
2814 3403 3003 3461 okma·

763 3536 893 3592 nya,
926 3518 1079 3588 mely
1111 3513 1403 3570 olvashato
1437 3513 1912 3586 Okmanytarunk
1941 3515 2041 3571 IV.
2083 3514 2391 3571 kiiteteben
2424 3516 2523 3570 81.
2556 3512 2621 3585 1.)

983 3619 1122 3685 Nos
1155 3615 1355 3701 igitur
1387 3617 1781 3702 peticionem
1836 3614 2152 3682 dictorum
2186 3616 2486 3701 magistri
2536 3616 2730 3683 Haab
2764 3617 3003 3702 Prepo-

762 3728 871 3798 siti
904 3734 969 3796 et
1001 3725 1288 3810 Capituli
1336 3724 1763 3793 Posoniensis
1811 3723 2101 3793 fidelium
2155 3731 2523 3791 nostrorum
2575 3724 3002 3792 consideran-

758 3848 861 3905 tes
894 3837 1034 3906 fore
1084 3834 1443 3918 legitimam
1495 3840 1560 3900 et
1594 3840 2107 3902 consentaneam
2157 3836 2408 3902 racioni
2455 3841 2522 3901 et
2553 3853 2672 3922 ea,
2725 3853 2849 3917 que
2882 3853 3002 3920 per

759 3947 974 4034 ipsum
1007 3945 1339 4011 dominum
1372 3945 1616 4026 Regem
1637 3943 2018 4011 Ladizlaum
2044 3946 2407 4029 patruelem
2439 3949 2731 4010 nostrum
2763 3942 3003 4009 intuitu

760 4053 1030 4144 pietatis
1049 4107 1067 4142 ,
1122 4072 1198 4118 ac
1228 4073 1346 4139 pro
1381 4054 1673 4120 remedio
1707 4052 1920 4120 anime
1962 4073 2225 4121 suorum
2259 4052 2746 4139 progenitorum
2768 4102 2785 4136 ,
2838 4049 2999 4118 Illu-

759 4164 989 4233 strium
1022 4162 1276 4246 Regum
1308 4157 1650 4244 Hungarie
1703 4181 1784 4227 ac
1816 4161 2041 4249 ipsiuS‚
2075 4161 2332 4248 prefato
2387 4160 2732 4245 Preposito
2784 4166 2849 4225 et
2880 4159 3003 4227 Ca-

759 4272 965 4360 pitulo
998 4269 1390 4339 Posoniensi
1440 4268 1599 4335 data
1631 4274 1697 4335 et
1730 4270 1975 4339 collata
2010 4269 2443 4348 exstiterunt,
2493 4274 2642 4335 rata
2674 4267 3000 4336 habentes

761 4392 826 4451 et
876 4379 1330 4448 nichilominus
1380 4377 1863 4465 approbantes,
1944 4378 2305 4462 predictum
2355 4377 2767 4465 priuilegium
2819 4381 3001 4443 inno·

759 4490 979 4558 nando
1014 4497 1079 4555 et
1111 4489 1195 4556 de
1228 4485 1424 4554 uerbo
1460 4484 1547 4553 ad
1578 4487 1850 4554 uerbum
1882 4488 2300 4571 presentibus
2322 4486 2523 4553 inseri
2556 4485 2879 4569 faciond0‚
2914 4484 2999 4551 de

757 4598 1163 4667 Prelatorum
1214 4601 1280 4661 et
1328 4596 1657 4664 Baronum
1711 4602 2072 4662 nostrorum
2094 4648 2111 4682 ,
2165 4594 2277 4678 qui
2307 4599 2650 4680 presentes
2698 4593 2992 4679 aderant,

757 4707 1053 4792 consilio,
1077 4707 1376 4774 duximus
1399 4703 1932 4774 confirmandum.
1957 4704 2082 4790 Ita,
2104 4704 2278 4787 quod
2296 4722 2570 4791 presens
2591 4704 2796 4771 nostri
2817 4699 2985 4790 (igy)
