3416 5313
1946 357 2068 425 188
2092 448 2150 458 „-

882 550 988 635 qui
1021 554 1205 619 iuxta
1236 554 1505 622 formam
1538 556 1604 623 in
1637 554 1876 622 litteris
1926 556 2089 639 ipsis
2138 573 2539 642 expressam,
2592 572 2673 618 ac
2707 555 2885 638 ipsos
2934 553 3126 619 illam
3222 580 3231 585 ·

878 666 1277 746 potestatem
1311 670 1373 730 et
1421 664 1875 732 auctoritatem
1933 665 2229 749 plenarie
2261 662 2502 728 habere
2538 662 2861 745 volumus,
2894 680 3020 743 que
3055 665 3126 728 in

880 770 1125 837 eisdem
1158 771 1395 840 litteris
1448 774 1877 839 continentur.
1935 773 2005 841 Si
2062 793 2217 839 vero
2249 780 2339 856 tu,
2375 774 2477 839 vel
2509 772 2794 838 vicarius
2849 778 3020 856 tuus,
3055 778 3127 835 te

879 880 1167 963 absente,
1189 879 1474 964 aliquem
1495 881 1950 964 Inquisitorem
1979 880 2353 948 huiusmodi
2376 901 2458 946 ex
2480 878 2702 962 aliqua
2719 882 2891 947 forte
2914 898 3126 947 causa

880 1007 1340 1071 nonnunquam
1371 990 1513 1057 fore
1547 990 1842 1059 videritis
1883 991 2333 1075 amovendum,
2370 993 2582 1075 ipsum
2618 989 3007 1070 amoveatis,
3049 995 3120 1055 et

880 1096 1287 1165 substituatis
1338 1100 1479 1166 loco
1527 1101 1707 1167 illius
1741 1102 1978 1175 alium,
2037 1119 2225 1180 quem
2258 1100 2535 1166 similem
2588 1103 3018 1185 postestatem
3051 1106 3122 1164 et

879 1207 1335 1273 auctoritatem
1383 1206 1627 1274 habere
1676 1208 1972 1272 volumus
2001 1257 2018 1289 ‚
2053 1206 2352 1288 quotiens
2382 1204 2590 1287 vobis,
2639 1204 3121 1274 deliberatione

880 1336 1024 1382 cum
1055 1316 1386 1399 aliquibus
1417 1315 1713 1384 discretis
1746 1317 2063 1384 fratribus
2115 1315 2277 1382 dicti
2314 1315 2561 1383 ordinis
2593 1315 2924 1400 prohibita
2944 1366 2960 1398 ‚
2995 1316 3122 1383 hoc

879 1426 1021 1492 fore
1051 1423 1380 1490 videbitur
1412 1423 1802 1491 faciendum.
1861 1425 1948 1491 Et
1979 1424 2034 1489 si
2069 1424 2355 1506 aliquem
2384 1425 2491 1489 vel
2545 1425 2804 1506 aliquos
2838 1422 3121 1509 Inquisi-

879 1540 1087 1601 torum
1123 1532 1404 1617 ipsorum
1442 1531 1768 1600 decedere
1801 1533 1970 1598 forte
2011 1533 2383 1615 contigerit,
2419 1553 2539 1602 nos
2572 1532 3009 1599 substituendi
3032 1532 3121 1599 de

882 1640 1153 1707 consilio
1204 1641 1563 1723 aliquorum
1594 1642 1867 1708 fratrum
1920 1642 2210 1709 eiusdem
2261 1642 2506 1709 ordinis
2540 1641 2738 1708 alium
2791 1644 2898 1709 vel
2949 1642 3124 1709 alios

878 1750 1023 1817 loco
1077 1749 1255 1817 illius
1286 1752 1391 1817 vel
1441 1750 1693 1816 illorum
1720 1800 1736 1826 ,
1792 1750 1903 1833 qui
1935 1740 2353 1837 decesserint,
2390 1751 2490 1817 ita
2525 1751 2702 1835 quod
2750 1750 3124 1817 huiusmodi

877 1858 1213 1926 substituti
1244 1856 1493 1924 eisdem
1531 1859 1792 1926 omnino
1826 1862 2215 1927 auctoritate
2251 1881 2331 1927 ac
2364 1867 2702 1948 potestate
2739 1859 3122 1942 fungantur,

879 1965 996 2032 tibi
1031 1965 1331 2051 dictoque
1365 1967 1613 2035 vicario
1639 2020 1656 2053 ‚
1710 1970 1767 2035 si
1819 1975 1886 2035 tu
1919 1970 2161 2036 absens
2194 1968 2414 2052 fueris,
2450 1969 2715 2052 plenam
2748 1976 2812 2034 et
2842 1968 3120 2034 liberam

879 2077 1300 2146 concedimus
1320 2082 1546 2151 tenore
1566 2079 1967 2164 presentium
2000 2077 2395 2147 facultatem.
2432 2079 2672 2144 Datum
2706 2078 2908 2144 Rome
2942 2077 3123 2163 apud

881 2189 1188 2257 Sanctum
1224 2188 1482 2254 Petrum
1517 2189 1629 2253 III.
1663 2189 1993 2256 kalendas
2028 2189 2202 2271 Maii,
2239 2190 2665 2256 Pontificatus
2700 2187 2909 2255 nostri
2940 2209 3123 2255 anno

880 2303 1131 2382 quarto.

968 2491 1144 2564 (VIII.
1164 2489 1439 2551 Bonifacz
1468 2493 1622 2567 papa
1654 2493 2054 2569 Regestaibol,
2082 2494 2334 2551 Theiner
2360 2494 2735 2551 Monumenta
2763 2494 2868 2550 stb.
2894 2493 2937 2548 Ι.
2970 2494 3028 2550 k.

1901 2586 2024 2639 381.
2048 2583 2118 2650 l.)
