3416 5313
1385 405 1607 513 ..eff-⁷„

1470 959 1586 1026 93.

404 1114 535 1179 111.
570 1116 783 1181 Endre
830 1116 1045 1202 kirdly
1097 1139 1139 1180 a
1190 1117 1374 1203 liptcsi
1402 1085 1620 1184 Boia,-
1633 1124 1766 1203 fiai
1812 1126 1874 1187 ε,
1925 1125 2371 1219 liptdvdragjai
2416 1135 2639 1223 teszaeq

400 1221 622 1306 k'o‘z‘o‘tt‚
645 1245 686 1285 a
705 1223 942 1288 turdczi
963 1223 1226 1287 konvent
1257 1224 1403 1289 elb'tt
1423 1226 1614 1292 k‘o‘t'o'tt
1634 1226 2034 1296 birtokcseret
2052 1239 2420 1320 meqerc'isiti.
2444 1244 2640 1312 1296.

612 1385 912 1454 Andreas
946 1386 1072 1453 Dei
1100 1386 1324 1470 gracia
1356 1387 1690 1472 Hungarie
1713 1439 1733 1475 ,
1767 1388 2111 1464 Dalmacie
2129 1448 2149 1483 ,
2187 1401 2483 1487 Groacie,
2519 1407 2642 1472 Ra-

398 1511 524 1577 me,
560 1494 820 1574 Seruie,
857 1493 1135 1561 Gallicie
1157 1543 1174 1575 ,
1221 1495 1631 1580 Lodomerie,
1662 1496 1992 1586 Comanie,
2027 1505 2466 1595 Bulgarieque
2494 1514 2640 1581 Rex

400 1600 701 1668 omnibus
735 1601 979 1670 Christi
1006 1601 1309 1671 fidelibus
1359 1612 1729 1691 presentem
1762 1610 2074 1692 paginam
2107 1615 2503 1702 inspecturis
2537 1641 2641 1689 sa-

396 1708 595 1778 lutem
628 1712 696 1778 in
747 1712 986 1781 salutis
1015 1713 1348 1800 largitore.
1406 1718 1504 1783 Ad
1535 1718 1990 1787 vniuersorum
2037 1730 2171 1794 tam
2224 1733 2637 1812 presencium

398 1840 593 1904 quam
624 1822 983 1891 futurorum
1014 1824 1320 1891 noticiam
1374 1829 1598 1891 tenore
1637 1824 2048 1911 prese'neium
2088 1836 2382 1904 uolumus
2411 1857 2640 1925 perue-

397 1931 559 2018 nire,
595 1931 770 2016 quod
804 1930 1135 2000 Omodeus
1169 1932 1343 2001 filius
1361 1931 1578 2001 Behar
1612 1935 1695 2000 de
1717 1934 1977 2022 Lyptou
2007 1939 2093 2006 ad
2125 1953 2417 2014 nostram
2449 1966 2635 2017 acce-

395 2040 559 2109 dens
590 2041 1028 2125 presenciam,
1061 2040 1359 2108 exhibuit
1390 2041 1578 2109 nobis
1611 2044 1866 2111 litteras
1914 2049 2360 2138 priuilegiales
2395 2056 2637 2142 Propo·

394 2149 605 2219 sitiet
652 2149 1024 2217 Conuentns
1058 2149 1359 2217 Ecclesie
1407 2153 1611 2219 Beate
1644 2153 1936 2240 Virginis
1986 2158 2070 2226 de
2100 2159 2401 2252 Turuch,
2443 2185 2637 2255 super

394 2258 572 2328 facto
605 2258 941 2328 cuiusdam
976 2258 1344 2344 concambij
1380 2259 1548 2328 inter
1578 2262 1794 2349 ipsum
1835 2271 1900 2330 et
1932 2264 2172 2336 fratres
2204 2290 2357 2341 suos
2391 2276 2475 2341 ab
2509 2296 2640 2345 una

391 2374 579 2454 parte
600 2417 619 2451 ,
671 2374 736 2433 et
766 2368 1049 2454 populos
1106 2367 1187 2434 de
1240 2367 1549 2436 suburbio
1599 2372 1803 2437 castri
1858 2374 1942 2441 de
1974 2378 2234 2464 Lyptov
2282 2401 2364 2447 ex
2405 2387 2637 2470 altera,

394 2477 780 2564 confectum,
812 2484 1042 2564 petens
1075 2497 1221 2545 eum
1248 2479 1599 2565 instancia,
1633 2489 1704 2549 nt
1737 2483 1953 2569 ipsum
1974 2487 2397 2576 priuilegium
2427 2499 2637 2563 ratum

392 2585 675 2669 habere,
727 2593 1078 2672 nostroque
1128 2587 1478 2675 priuilegio
1512 2588 1723 2675 Regio
1777 2595 2161 2681 confirmare
2194 2601 2628 2690 dignaremur.

396 2694 591 2763 Cuius
624 2700 810 2764 tenor
841 2697 988 2763 talis
1020 2705 1171 2764 est:

603 2806 942 2875 Vniversis
974 2815 1315 2891 presentes
1335 2810 1591 2877 litteras
1613 2811 2007 2897 inspecturis
2041 2817 2167 2883 stb.
2197 2832 2579 2905 (kovetkezik
2600 2857 2636 2895 a

392 2912 611 2967 turoczi
635 2911 896 2980 konvent
923 2910 1148 2967 1295-ki
1175 2911 1487 2985 okmanya,
1513 2916 1657 2970 mint
1681 2913 1917 2974 fentebb
1944 2918 2033 2976 88.
2062 2937 2140 2977 sz.
2168 2920 2245 2993 a.)

602 3006 739 3074 Nos
769 3004 995 3089 itaque
1025 3005 1212 3074 iustis
1261 3012 1326 3088 et
1356 3007 1670 3093 legitimis
1702 3011 2142 3095 peticionibus
2192 3015 2401 3103 ipsius
2442 3017 2630 3087 Omo-

389 3111 521 3201 dey
549 3114 848 3182 inclinati
878 3115 1087 3201 Regio
1121 3136 1268 3181 cum
1300 3116 1549 3203 fauore,
1579 3119 1993 3204 seruiciaque
2014 3122 2248 3210 ipsius,
2285 3146 2412 3210 que
2437 3128 2627 3196 nobis

391 3221 456 3286 in
491 3223 991 3310 expugnacione
1024 3225 1226 3291 castri
1259 3227 1528 3311 Adryan
1582 3246 1726 3293 cum
1773 3230 1877 3296 sui
1909 3232 2250 3317 sanguinis
2297 3234 2631 3319 effusione,

389 3330 717 3412 exhibuit,
771 3331 1228 3416 attendentes,
1281 3334 1496 3402 dictas
1527 3334 1783 3404 litteras
1816 3337 2271 3424 priuilegiales
2307 3344 2633 3431 Prepositi

390 3448 458 3508 et
490 3441 865 3508 Conuentus
899 3439 980 3524 de
1002 3440 1266 3508 Turuch
1301 3463 1496 3530 super
1529 3443 1852 3529 premisso
1875 3451 2254 3519 concambio
2276 3450 2632 3535 confectas,

386 3572 516 3618 non
549 3553 973 3634 cancellatae,
1010 3571 1141 3619 non
1176 3553 1475 3638 abrasaS,
1510 3562 1688 3622 ratas
1725 3554 2050 3624 habentes
2086 3568 2151 3625 et
2180 3566 2514 3646 acceptas,
2549 3562 2634 3629 de

390 3660 591 3727 uerbo
622 3661 714 3728 ad
746 3661 1010 3729 uerbum
1040 3662 1457 3745 presentibus
1492 3664 1692 3730 inseri
1732 3664 2071 3751 facientes,
2093 3670 2429 3736 attoritate
2458 3667 2631 3756 (igy)

386 3772 802 3856 presencium
852 3770 1158 3838 duximus
1210 3772 1711 3840 confirmandas.
1761 3776 1840 3841 In
1873 3776 2052 3844 cuius
2102 3796 2223 3864 rey
2254 3768 2652 3848 memoriam

385 3885 901 3965 perpetuamque
934 3878 1323 3964 firmitatem,
1369 3888 1712 3966 presentes
1756 3884 2198 3952 concessimus
2231 3887 2483 3957 litteras
2519 3889 2632 3957 du-

384 3989 579 4076 plicis
610 3990 806 4074 sigilli
837 3990 1048 4057 nostri
1067 3990 1418 4060 munimine
1448 3995 1812 4060 roboratas.
1850 3993 2092 4058 Datum
2122 4013 2240 4079 per
2260 4017 2489 4065 manns
2522 4020 2629 4066 ve-

384 4098 699 4165 nerabilis
730 4097 939 4187 patris
960 4085 1094 4166 Th.
1128 4100 1252 4166 Dei
1287 4101 1512 4186 gracia
1544 4100 1861 4184 Episcopi
1890 4102 2280 4193 Jauriensis,
2335 4107 2488 4175 aule
2518 4127 2630 4174 no·

383 4213 520 4286 stre
554 4204 1155 4293 aVice-(Jancellarij
1208 4208 1435 4276 dilecti
1487 4212 1554 4275 et
1594 4208 1813 4275 fidelis
1866 4211 2092 4295 nostri,
2141 4231 2318 4282 anno
2368 4216 2630 4282 Domini

383 4313 488 4381 M⁰
518 4312 660 4381 (30⁰
687 4314 1110 4399 nonagesimo
1145 4323 1331 4383 sexto
1353 4368 1371 4400 ‚
1422 4317 1631 4403 primo
1681 4316 1861 4386 Ydus
1891 4319 1933 4389 J
1937 4321 2089 4407 ulij’,
2144 4323 2357 4411 Regni
2409 4331 2626 4393 autem

383 4422 593 4493 nostri
621 4443 797 4492 anno
829 4430 1036 4492 sexto.

598 4570 814 4639 Jeqyzet.
864 4568 1135 4625 Eredetic
1161 4567 1478 4641 b6rhartya
1506 4587 1541 4638 a
1564 4568 2090 4630 Haut-Pazmantol
2120 4572 2344 4630 eredett
2368 4575 2627 4647 Kubinyi

383 4656 721 4729 nemzetseg
739 4656 1158 4716 leveltaraban.
1198 4643 1363 4731 ffirdy.

2147 4823 2306 4917 '10³⁸
