3416 5313
1843 444 2053 547 162rm

789 651 927 712 tate
981 646 1273 731 gaudent
1321 648 1500 715 ciues
1535 648 2014 727 Posonienses,
2071 648 2423 713 secundum
2479 643 2649 729 quod
2698 648 2764 712 in
2817 666 3036 713 eorum

785 754 1155 839 priuilegijs
1189 759 1572 822 continetur.
1608 756 1708 819 Ita
1742 764 1960 820 tamen
1984 804 2000 837 ‚
2057 754 2233 836 quod
2264 774 2380 838 pro
2416 756 2712 838 quolibet
2745 755 3037 821 cibrione

787 862 1049 928 soluent
1083 863 1370 947 quinque
1405 866 1775 947 quartalia,
1812 863 2170 930 secundum
2206 864 2374 944 quod
2407 865 2473 929 in
2507 863 2788 931 Posonio
2822 871 2887 930 et
2918 884 3039 948 per

792 977 997 1039 totam
1035 978 1277 1041 terram
1334 976 1590 1041 soluere
1624 968 2115 1041 consueuerunt.
2166 974 2243 1039 In
2277 975 2461 1040 cuius
2513 973 2610 1038 rei
2664 974 3040 1039 memoriam

788 1088 1131 1168 presentes
1167 1082 1467 1149 dedimus
1500 1082 1756 1149 litteras
1792 1083 1989 1166 sigilli
2025 1083 2231 1148 nostri
2277 1082 2628 1148 munimine
2668 1084 3037 1160 roboratas,

790 1211 965 1255 anno
996 1191 1262 1256 Domini
1297 1193 1638 1258 millesimo
1689 1191 2133 1258 ducentesimo
2172 1190 2604 1272 nonagesimo
2661 1195 2869 1258 sexto.
2905 1191 3038 1256 Da-

789 1307 925 1365 tum
959 1299 1128 1365 feria
1159 1302 1447 1368 secunda
1480 1307 1629 1384 post
1664 1300 2076 1368 Dominicam
2118 1299 2424 1367 Jubilate.

790 1530 1077 1603 (Hartya3
1105 1530 1465 1589 voros-feher
1491 1535 1798 1604 selyemrc'il
1823 1531 2004 1607 fiiggo'
2031 1532 2102 1606 e'p
2124 1533 2428 1606 pccsettel.
2458 1530 3040 1605 Pozsonykaptalani

1024 1622 1296 1696 orszagos
1317 1623 1577 1681 leveltar.
1606 1623 1798 1697 Capsa
1825 1625 1979 1681 XIV.
2006 1627 2176 1682 Fasc.
2203 1625 2287 1681 17.
2315 1626 2449 1683 Nr0.
2483 1626 2532 1681 7.
2572 1625 2803 1692 Knauz.)

1830 2563 1988 2631 105.

800 2786 966 2852 Imre
996 2793 1213 2848 mester
1243 2782 1608 2867 eszterqami
1628 2782 1888 2865 pre‘post
1906 2803 1948 2843 a
1967 2783 2300 2866 veszpre'mi
2318 2779 2568 2865 pilsp‘o'k
2589 2781 2651 2843 es
2682 2802 2758 2843 az
2787 2779 3053 2844 6-budai

800 2892 1112 2977 kdptalan
1143 2889 1281 2953 kozt
1313 2910 1354 2948 a
1383 2886 1580 2950 budai
1630 2887 1871 2950 tizedek
1903 2886 2259 2971 tciryyciban
2296 2883 2539 2972 lefolyd
2556 2884 2809 2970 parbem
2848 2887 3051 2950 Lodo-

802 3002 932 3064 me'r
963 2999 1134 3063 ἐνεοῖς
1166 2995 1665 3062 katcirozatdnak
1686 2993 1970 3080 folytdn,
2007 3017 2047 3056 a
2080 2995 2397 3079 katdrssnap
2428 2995 2877 3060 elhalasztcisdt
2903 3017 3049 3058 ren-

1735 3102 1887 3167 deli.
1923 3105 2116 3167 1295.

1017 3324 1155 3388 Nos
1185 3323 1502 3409 Magister
1541 3321 1881 3409 Emyricus
1914 3322 2296 3405 Prepositus
2332 3320 2629 3388 Ecclesie
2662 3317 2887 3387 Sancti
2921 3320 3048 3387 Ge-

807 3432 970 3518 orgii
1003 3432 1087 3498 de
1120 3430 1472 3515 Strigoni0‚
1498 3428 1702 3514 judex
1737 3452 1777 3495 a
1813 3430 1985 3497 Sede
2017 3431 2404 3514 Apostolica
2435 3432 2503 3498 in
2523 3430 2646 3498 hac
2670 3448 2871 3496 causa
2902 3450 3048 3514 spe-

807 3539 1451 3625 cialiter-delegatus
1504 3540 1817 3605 memorie
1869 3541 2103 3606 damus
2155 3560 2272 3624 per
2321 3547 2700 3624 presentes,
2757 3539 2929 3623 quod
2980 3539 3049 3603 in

808 3670 1029 3732 causa,
1066 3670 1262 3735 quam
1295 3648 1607 3735 magister
1645 3647 1948 3734 Mychael
2000 3648 2376 3734 Prepositus
2411 3655 2473 3711 et
2524 3647 2896 3734 Capitulum
2926 3648 3050 3710 Bu-

809 3759 1052 3841 dense‚
1106 3779 1187 3825 ex
1221 3758 1451 3840 quibus
1486 3756 1786 3842 magistri
1817 3755 1909 3821 St.
1944 3758 2255 3823 Decanus
2289 3762 2355 3822 et
2386 3755 2659 3821 Lukach
2700 3754 3049 3821 Budenses

809 3868 1124 3935 Canonici
1156 3887 1300 3932 cum
1342 3867 1579 3933 litteris
1613 3867 2071 3949 procuratoriis
2122 3865 2488 3944 astiterunt,
2525 3871 2746 3928 contra
2779 3883 3051 3929 venera-

807 3977 1005 4046 bilem
1038 3983 1289 4060 patrem
1325 3978 1395 4039 B.
1429 3973 1554 4039 Dei
1575 3974 1804 4059 gracia
1827 3974 2216 4061 Episcopum
2242 3970 2791 4057 Vesprimiensem
2830 3978 2895 4037 et
2926 3972 3051 4038 Ca-

806 4086 1078 4170 pitulum
1111 4085 1238 4151 loci
1271 4081 1584 4167 ejusdem,
1620 4103 1740 4166 pro
1781 4084 2012 4165 quibus
2048 4090 2111 4147 et
2146 4101 2227 4147 ex
2261 4081 2492 4164 quibus
2527 4081 2754 4146 Petrus
2807 4079 3054 4146 Cantor

806 4193 1106 4261 Ecclesie
1138 4192 1662 4276 vesprimiensis
1686 4200 1750 4257 et
1775 4191 2211 4259 Gerekminus
2237 4190 2541 4257 Decanus
2565 4188 2863 4255 similiter
2902 4208 3048 4253 cum

808 4301 1097 4386 legitimo
1148 4300 1587 4384 procuratorio
1642 4309 2128 4384 comparentem
2163 4293 2337 4385 (igy)
2390 4300 2455 4362 in
2508 4297 2763 4365 octauis
2817 4296 3051 4363 Sancti

808 4409 1011 4494 Regis
1035 4407 1355 4492 Stephani
1381 4427 1605 4475 coram
1628 4409 1819 4475 nobis
1855 4415 1918 4474 et
1939 4409 2087 4475 aliis
2111 4408 2385 4490 collegis
2418 4407 2654 4472 nostris
2687 4404 3046 4486 habebant,

809 4519 1060 4584 litteras
1110 4515 1506 4586 venerabilis
1540 4516 1747 4600 patris
1783 4516 2155 4583 Lodomerii
2190 4515 2660 4600 Strigoniensis
2700 4514 3049 4598 Archiepi-

812 4630 1014 4710 scopi,
1051 4625 1295 4693 domini
1329 4627 1551 4703 nostri,
1577 4625 2104 4708 procuratoribus
2139 4622 2431 4709 ejusdem
2468 4622 2788 4690 Budensis
2823 4622 3047 4687 Eccle-

814 4737 910 4803 sie
943 4734 1271 4802 exhibitas
1302 4736 1665 4816 recepimus
1698 4734 1820 4800 sub
1860 4735 1982 4798 hac
2014 4733 2229 4800 forma
2261 4757 2276 4797 ε
