3416 5313
1420 434 1548 502 129

352 633 495 715 quis
529 634 636 698 uel
671 632 875 715 aliqui
908 632 991 696 ad
1025 633 1336 699 Comitem
1374 632 1608 698 Nicola
1641 636 1703 697 et
1750 630 2016 699 fratrem
2051 628 2342 695 eiusdem
2383 631 2577 712 perti·

348 750 577 807 nentes
613 739 859 823 aliquid
893 739 1266 807 nocumenti
1320 741 1481 826 ipsis
1518 741 1769 808 ciuibus
1820 749 2004 808 extra
2048 740 2380 808 ciuitatem
2413 737 2569 804 Gre-

349 869 612 917 censem
667 851 774 915 nel
825 850 996 916 alias
1045 850 1453 933 irrogarent,
1508 853 1651 937 ipse
1703 851 1936 917 Comes
1973 848 2209 916 Nicola
2259 855 2325 914 et
2374 847 2578 912 frater

347 958 645 1026 eiusdem
679 957 849 1023 infra
882 959 1181 1043 spacium
1234 959 1423 1023 unius
1460 959 1701 1026 mensis
1745 957 2125 1023 accedendo
2178 954 2263 1020 ad
2293 962 2580 1021 castrum

347 1068 701 1148 Gir-coense,
737 1066 1127 1133 satisfacere
1161 1067 1467 1132 damnum
1505 1068 1608 1132 uel
1662 1067 1964 1134 iniuriam
2001 1084 2202 1151 passo
2252 1063 2579 1131 tenebitur

345 1208 434 1218 —
463 1209 555 1219 -
587 1208 675 1220 —-
707 1173 967 1240 nonnisi
1002 1193 1084 1238 ex
1124 1173 1641 1241 aduersitatibus
1693 1174 2106 1240 euidentibus
2159 1173 2396 1238 fuerint
2436 1191 2578 1257 pre·

344 1281 573 1366 pediti,
605 1288 670 1346 et
701 1279 874 1347 infra
905 1280 1071 1346 idem
1103 1290 1362 1366 tempus
1384 1333 1401 1363 ,
1452 1284 1790 1348 memorati
1824 1281 2034 1348 Maior
2084 1279 2247 1346 uille
2300 1290 2364 1345 et
2398 1280 2578 1344 ciues

344 1391 428 1456 de
460 1390 599 1453 suis
621 1439 638 1473 ‚
672 1396 784 1453 aut
814 1390 904 1456 ad
937 1410 1048 1456 eos
1082 1392 1554 1475 pertinentibus
1579 1440 1596 1474 ‚
1649 1393 1729 1457 de
1768 1390 2020 1456 iniuriis
2063 1396 2129 1455 et
2164 1389 2424 1457 damnis
2459 1387 2578 1452 Co-

344 1498 488 1563 miti
521 1498 759 1564 Nicola
790 1504 857 1563 et
889 1498 1077 1564 fratri
1110 1500 1402 1566 eiusdem
1436 1520 1514 1566 ac
1547 1500 1631 1566 ad
1665 1519 1778 1567 eos
1818 1497 2298 1586 pertinentibus
2336 1498 2575 1581 irroga-

343 1608 431 1673 tis
488 1606 1021 1673 satisfaccionem
1074 1610 1450 1693 impendere
1504 1609 1913 1675 tenebuntur.
1969 1605 2265 1674 Tandem
2316 1606 2404 1672 ad
2456 1607 2581 1673 hec

345 1716 769 1783 observanda
800 1725 863 1783 et
892 1718 1312 1798 attendenda,
1350 1719 1814 1786 convencionis
1849 1751 2582 1764 ———————

343 1825 583 1891 Comes
618 1824 850 1892 Nicola
880 1834 945 1892 et
974 1828 1252 1896 Janinus
1284 1826 1481 1893 frater
1504 1826 1814 1908 eiusdem,
1838 1825 1901 1891 in
1923 1827 2145 1908 aliquo
2167 1826 2418 1909 horum,
2453 1842 2580 1909 que

344 1942 877 2019 assumpserunt,
910 1941 1433 2021 transgressores
1456 1958 1571 2005 seu
1603 1937 1960 2004 uiolatores
1992 1935 2145 2003 fidei
2180 1936 2417 2021 reperti
2451 1932 2581 1999 fue-

343 2040 507 2123 rint,
560 2044 1018 2126 possessiones
1053 2064 1208 2112 suas
1262 2047 1326 2111 in
1361 2047 1632 2113 ciuitate
1666 2045 2024 2125 Grecensi‚
2059 2044 2164 2108 vel
2201 2051 2386 2109 extra
2419 2039 2576 2105 ciui-

343 2157 548 2217 tatem
601 2152 844 2234 ubique
896 2154 1257 2221 existentes
1291 2194 1377 2203 ——
1418 2191 1506 2203 -
1542 2195 1621 2203 —
1676 2154 1911 2219 Comes
1963 2153 2202 2220 Nicola
2251 2185 2338 2195 -
2375 2186 2454 2196 -—
2491 2147 2577 2213 ad

342 2279 578 2325 manus
610 2259 768 2327 ville
820 2263 1300 2330 communitatis
1353 2264 1705 2331 Grecensis
1763 2261 2250 2345 deuolvendas,
2305 2260 2577 2343 insuper

343 2388 587 2454 penam
639 2367 904 2455 periurii
956 2372 1100 2458 ipse
1153 2377 1218 2435 et
1248 2372 1451 2438 frater
1499 2370 1639 2439 eius
1674 2407 1761 2418 -—
1796 2407 1882 2419 --
1915 2410 1998 2418 —-
2035 2376 2102 2435 et
2134 2367 2437 2435 similiter
2488 2367 2572 2432 ci-

344 2497 463 2544 ues
498 2496 615 2544 seu
662 2479 1059 2549 uniuersitas
1109 2480 1426 2565 predicta,
1461 2476 1579 2564 (si)
1615 2487 1959 2565 assumpta
2014 2487 2080 2544 et
2139 2478 2462 2564 promissa
2511 2476 2579 2544 in

352 2586 481 2653 hac
512 2594 702 2672 parte
753 2609 880 2654 non
917 2590 1330 2672 attenderet,
1367 2586 1485 2675 (et)
1523 2591 1759 2658 Comiti
1792 2591 2024 2659 Nicole
2057 2599 2121 2656 et
2172 2589 2360 2656 fratri
2410 2587 2579 2652 eius-

349 2695 503 2762 dem
533 2715 665 2762 non
700 2699 1085 2766 obseruaret
1105 2750 1123 2784 ‚
1158 2708 1382 2766 notam
1414 2701 1683 2784 perjurii
1717 2702 2002 2766 incurret
2036 2702 2180 2784 ipso
2214 2699 2413 2765 facto.
2446 2699 2577 2765 Da-

344 2812 478 2870 tum
517 2804 582 2870 in
617 2807 846 2892 vigilia
876 2810 1249 2895 Epiphanie
1298 2810 1559 2877 Domini
1612 2831 1785 2876 anno
1839 2808 2128 2876 eiusdem
2158 2807 2259 2876 Μο
2291 2807 2432 2874 00⁰
2462 2826 2572 2871 no-

342 2916 688 2998 nagesimo
723 2918 967 3004 quinto,

760 3138 1053 3208 (Eredetie
1079 3136 1303 3212 zagrab
1328 3155 1407 3193 sz.
1435 3139 1492 3195 k.
1521 3136 1687 3194 varos
1718 3135 2162 3207 leveltaraban.)

452 4881 651 4930 nouum„
670 4889 826 4930 nuuc.
847 4883 977 4931 insr.
994 4908 1049 4918 —-
1066 4890 1201 4932 mm-
1232 4889 1296 4931 ιο.
2204 4875 2246 4944 9
