3416 5313
1462 450 1546 521 57

1426 1087 1538 1154 ³5.

375 1283 437 1352 A
458 1254 764 1370 pozsonyi
810 1283 1117 1372 kdptalan
1169 1284 1692 1371 bizonysdqlevele
1747 1288 2111 1373 bardtsdyos
2141 1288 2620 1373 eyyezkede'srb'l,

376 1393 637 1480 niclymil
653 1392 856 1479 foyva
895 1390 1071 1460 Feezi
1098 1394 1300 1459 Jdnoe
1331 1394 1638 1479 csetileqes
1667 1396 2114 1481 meyiilete'secrt
2133 1446 2150 1478 ,
2185 1396 2406 1462 annale
2438 1398 2614 1463 roko-

763 1502 875 1566 nai
903 1523 944 1565 a
973 1502 1259 1568 tettesnck
1290 1502 1616 1567 bunteee'sat
1646 1501 2014 1588 elenqedte'k.
2050 1504 2242 1567 1291.

1024 1701 1099 1767 A.
1317 1699 1387 1764 Β.
1606 1698 1677 1766 0.
1897 1699 1978 1767 D.

601 1881 941 1949 Vniuersis
969 1878 1213 1945 Christi
1247 1878 1550 1946 fidelibus
1585 1886 1922 1966 presentes
1957 1882 2208 1948 litteras
2232 1882 2619 1968 inspecturis

387 1986 760 2072 Capitulum
794 1988 1091 2055 Ecclesie
1124 1989 1547 2056 Posoniensis
1590 1988 1864 2057 salutem
1899 1988 1965 2055 in
1999 1991 2298 2058 Domino.
2340 1991 2446 2061 Ad
2477 1986 2616 2059 uni-

386 2115 722 2164 uersorum
780 2096 1086 2162 noticiam
1149 2104 1375 2164 tenore
1423 2097 1833 2181 presencium
1886 2098 2186 2165 uolumus
2249 2103 2618 2184 pervenire,

360 2203 561 2289 ··quod
589 2204 911 2271 Joacbino
944 2203 1025 2270 de
1057 2206 1214 2271 Feel
1235 2206 1425 2271 simul
1448 2223 1592 2271 cum
1624 2205 1757 2271 filio
1790 2226 1906 2274 suo
1939 2207 2209 2291 Jacobo,
2234 2217 2298 2275 et
2333 2210 2617 2276 Lauren-

387 2314 491 2380 cio
521 2313 655 2380 filio
704 2314 1034 2380 Valentini
1087 2320 1367 2400 cognato
1418 2332 1535 2380 suo
1568 2314 1654 2380 ab
1686 2333 1818 2383 una
1851 2323 2081 2400 parte3
2119 2313 2432 2382 Ladislao
2489 2316 2622 2383 filio

387 2424 577 2510 parui
609 2422 929 2508 Stephani
961 2420 1047 2487 ab
1081 2424 1317 2506 altera,
1370 2424 1740 2489 constitutis
1787 2442 1998 2490 coram
2034 2424 2224 2490 nobis
2264 2425 2622 2509 personali-

385 2537 521 2613 ter,
574 2529 773 2616 ijdem
808 2530 1205 2613 Joachinus,
1246 2531 1534 2598 Jacobus
1574 2539 1639 2597 et
1692 2532 2093 2599 Laurencius
2128 2538 2278 2598 sunt
2312 2532 2622 2619 confessi,

392 2641 566 2727 quod
602 2640 759 2707 licet
809 2659 1005 2728 super
1046 2647 1249 2708 morte
1282 2640 1604 2710 Johannis
1636 2640 1750 2706 filii
1805 2642 2101 2727 ejusdem
2154 2641 2459 2709 Joachini
2508 2663 2626 2731 per

392 2750 672 2819 eundem
704 2750 1089 2817 Ladislaum
1114 2749 1470 2818 casualiter
1494 2756 1866 2836 perpetrata
1900 2752 2128 2817 ordine
2152 2751 2500 2818 iudiciario
2534 2751 2625 2817 in-

392 2868 494 2928 ter
511 2867 735 2950 partes
758 2858 988 2927 fnisset
1007 2860 1260 2927 diucius
1280 2861 1660 2928 altercatum
1684 2884 1699 2945 ς
1735 2861 1822 2926 ad
1863 2861 2153 2927 ultimum
2191 2868 2410 2927 tamen
2430 2859 2626 2927 medi-

391 2969 651 3036 antibus
673 2969 890 3053 probis
911 2969 1068 3037 viris
1088 2976 1351 3055 propter
1390 2970 1626 3036 bonum
1661 2970 1851 3054 pacis
1892 2970 1958 3035 in
1981 2968 2353 3053 quindecim
2386 2970 2626 3037 marcis

394 3076 804 3146 denariorum
828 3077 1314 3164 Vyennensium
1347 3077 1855 3145 concordassent
1878 3100 1893 3162 ;
1928 3098 2096 3160 quas
2121 3077 2424 3144 videlicet
2445 3075 2621 3161 quin-

396 3184 604 3253 decim
638 3204 892 3251 marcas
914 3183 1113 3271 ijdem
1142 3184 1523 3270 Joachinus‚
1562 3185 1872 3269 Jacobus,
1899 3167 2305 3253 Laurencius
2331 3204 2624 3253 asseren-

396 3302 496 3363 tes
531 3315 604 3362 se
635 3295 720 3359 ab
753 3292 982 3363 eodem
1023 3293 1336 3361 Ladislao
1387 3292 1678 3379 plenarie
1715 3294 2046 3377 recepisse
2068 3342 2086 3375 ‚
2119 3295 2394 3361 eundem
2429 3293 2619 3361 Ladi-

396 3403 605 3471 slaum
628 3421 821 3489 super
843 3403 1072 3471 eadem
1095 3408 1298 3469 morte
1317 3400 1743 3468 reddiderunt
1761 3403 1827 3467 in
1849 3401 2054 3469 nostri
2081 3402 2428 3486 presencia
2444 3403 2624 3488 peni·

397 3519 500 3580 tus
524 3510 892 3596 expeditum
920 3533 936 3595 3
970 3510 1341 3594 obligantes
1363 3528 1455 3588 se,
1479 3509 1651 3593 quod
1671 3509 2036 3593 quicunque
2067 3514 2425 3597 temporum
2457 3505 2630 3597 (igy)

400 3621 672 3689 eundem
704 3616 1083 3687 Ladislaum
1112 3619 1373 3685 racione
1405 3617 1631 3684 mortis
1683 3616 1889 3701 ipsius
1942 3617 2277 3686 Johannis
2326 3617 2636 3701 impetere

399 3728 671 3796 forsitan
694 3731 1176 3815 attemptarent,
1217 3727 1346 3815 ipsi
1372 3726 1626 3793 scilicet
1645 3729 1685 3795 J
1690 3726 2028 3809 oachinus,
2060 3729 2103 3796 J
2109 3729 2353 3795 acobus
2375 3735 2441 3793 et
2460 3726 2633 3793 Lau·

402 3838 655 3905 rencius
689 3838 1077 3905 tenebuntur
1129 3855 1274 3903 eum
1326 3834 1634 3920 expedire
1667 3834 1950 3920 proprijs
1988 3829 2382 3918 (laboribus)
2423 3840 2488 3901 et
2530 3853 2639 3901 ex-

401 3947 643 4033 pensis.
679 3947 752 4013 In
789 3946 977 4034 quns
997 3944 1091 4014 rei
1119 3946 1495 4013 memoriam
1527 3949 1872 4031 presentes
1910 3943 2352 4012 concessimus
2384 3942 2638 4011 litteras

401 4055 602 4141 sigilli
639 4053 845 4122 nostri
897 4054 1247 4121 munimine
1279 4051 1636 4120 roboratas.
1676 4053 1921 4119 Datum
1975 4051 2039 4118 in
2076 4051 2407 4133 quindena
2450 4050 2641 4118 Beati

400 4164 744 4231 Michaelis
777 4162 1181 4250 Archangeli
1214 4182 1388 4231 anno
1420 4159 1688 4230 Domini
1737 4158 2125 4227 millessimo
2162 4157 2640 4228 ducentessimo

403 4271 824 4356 nonagesimo
856 4270 1086 4356 primo.

405 4443 677 4540 (Hartya.
718 4465 772 4521 A
799 4465 927 4539 meg
972 4465 1043 4541 e'p
1070 4465 1271 4540 pecset
1299 4467 1546 4524 nemzeti
1573 4463 1738 4522 szinii
1765 4467 2021 4538 selymen
2052 4462 2213 4537 fiigg.
2236 4459 2644 4532 Pozsonykap-

548 4555 734 4613 talani
759 4555 1028 4632 orszagos
1055 4556 1303 4615 leveltar
1330 4556 1522 4631 Capsa
1540 4555 1695 4612 XIV.
1721 4557 1888 4612 Fasc.
1912 4554 1999 4612 22.
2026 4552 2164 4610 Nro.
2192 4554 2245 4608 2.
2281 4549 2504 4622 Knauz.)
