3416 5313
1283 402 1501 513 -119

1373 1064 1522 1132 145.

410 1278 507 1346 ΑΖ
536 1279 777 1367 6νοῖέίῃί
806 1282 1250 1368 kdptalannak
1282 1281 1475 1347 ennek
1493 1277 1765 1368 folytdn
1801 1290 1911 1346 tect
1924 1282 2248 1367 jelente'se.
2282 1284 2478 1349 1299.

535 1478 888 1565 Magnifico
921 1478 1061 1548 viro
1096 1487 1162 1547 et
1200 1479 1475 1549 honesto
1508 1478 1824 1549 Ladizlao
1867 1478 2212 1563 Wayuode
2249 1481 2576 1549 Transsil-

317 1604 492 1655 uano
525 1592 592 1653 et
623 1586 859 1655 Oomiti
881 1585 967 1654 de
983 1586 1213 1656 Zonuk
1253 1586 1466 1658 amico
1500 1607 1724 1658 eorum
1753 1588 2161 1671 honorando,
2197 1586 2575 1672 Capitulum

316 1694 622 1762 Ecclesie
650 1692 1127 1765 Transsiluane
1178 1696 1402 1766 debite
1435 1698 1732 1766 amicicie
1767 1702 1833 1764 et
1867 1696 2138 1765 honoris
2194 1693 2576 1765 continuum

316 1801 805 1870 incrementum.
839 1802 1099 1875 Literas
1133 1812 1350 1875 vestre
1377 1805 1860 1892 »magnitudinis
1892 1800 2209 1874 noueritis
2239 1820 2367 1876 nos
2399 1820 2576 1873 rece·

321 1911 505 1996 pisse
537 1911 605 1978 in
635 1912 761 1979 hec
791 1912 1015 1978 verba.

533 2019 780 2088 Amicis
815 2019 950 2088 suis
981 2021 1109 2088 stb.
1164 2025 1531 2095 (kiivetkezik
1560 2026 1771 2086 Laszld
1811 2027 1983 2101 vajda
2012 2024 2249 2082 iktatasi
2279 2041 2576 2099 parancsa,

319 2132 465 2190 mint
501 2133 645 2189 143.
686 2152 763 2188 sz.
797 2131 876 2205 a.)

538 2237 677 2303 Nos
710 2237 885 2303 enim
912 2237 1353 2325 peticionibus
1385 2243 1608 2307 vestre
1644 2235 2117 2323 Magnitudinis
2148 2234 2340 2303 iustis
2374 2253 2458 2302 ac
2486 2232 2578 2300 le·

321 2339 572 2426 gitimis
612 2352 995 2429 annuentes,
1030 2366 1176 2414 cum
1223 2346 1485 2432 prefato
1535 2344 1839 2432 Nycolao
1874 2343 1959 2410 de
1990 2345 2176 2411 Mera
2208 2345 2429 2410 vestro
2460 2340 2576 2406 ho·
2708 2405 2714 2409 ,

322 2450 496 2517 mine
532 2470 725 2518 vnum
756 2472 837 2518 ex
869 2452 1083 2539 nobis,
1117 2452 1430 2524 videlicet
1462 2452 1847 2540 magistrum
1879 2451 2294 2538 Mychaelem
2326 2447 2578 2519 socium

323 2563 389 2628 et
421 2561 937 2631 concanonicum
986 2569 1280 2632 nostrum
1331 2564 1422 2633 ad
1471 2564 1804 2648 premissa
1853 2559 2243 2649 peragenda
2282 2555 2581 2626 transmi-

322 2668 527 2736 simus
558 2688 677 2753 pro
708 2672 1080 2740 testimonio
1128 2672 1259 2741 fide
1291 2671 1580 2759 dignum,
1618 2673 1732 2757 qui
1764 2672 2023 2741 demum
2055 2670 2146 2739 ad
2181 2689 2300 2739 nos
2332 2664 2584 2738 reversi

321 2776 730 2846 concorditer
757 2780 949 2848 nobis
982 2782 1365 2865 retulerunt,
1400 2781 1576 2865 quod
1607 2780 1739 2866 ipsi
1771 2781 1839 2846 in
1870 2779 2042 2846 festo
2076 2777 2385 2848 Omnium
2418 2776 2582 2845 San·

321 2890 607 2960 ctorum,
639 2906 812 2955 nunc
844 2875 1142 2974 proxime
1173 2890 1512 2976 preterito,
1548 2890 1638 2957 ad
1668 2886 1907 2956 faciem
1938 2884 2070 2953 iam
2103 2886 2276 2952 dicte
2308 2902 2582 2970 posses·

316 2993 523 3062 sionis
541 2992 697 3061 dicti
716 2997 994 3067 Abbatis
1013 2999 1375 3085 Bogartelk
1394 3004 1631 3068 vocate
1653 2997 2012 3067 vicinorem
2044 2998 2112 3060 et
2141 2998 2589 3060 commetane·

321 3122 501 3172 orum
553 3101 848 3173 eiusdem
900 3106 1239 3193 legittimis
1287 3105 1891 3177 conuocacionibus
1938 3104 2136 3172 factis
2169 3108 2237 3169 et
2266 3098 2584 3188 presenti·

322 3211 447 3281 bus
479 3211 730 3297 pariter
760 3215 1145 3284 accedendo
1198 3235 1282 3283 ex
1314 3215 1489 3286 bona
1539 3216 1880 3285 voluntate
1914 3222 1984 3282 et
2012 3209 2450 3302 permissione
2483 3208 2580 3275 di-

321 3321 412 3387 cti
460 3322 860 3392 venerabilis
912 3325 975 3391 in
1026 3324 1289 3395 Christo
1320 3326 1567 3412 patris,
1621 3323 1877 3391 domini
1908 3321 2088 3389 Petri
2119 3317 2435 3407 Episcopi
2467 3317 2581 3384 do-

322 3426 483 3494 mini
534 3435 601 3495 et
632 3429 877 3499 Prelati
907 3433 1154 3520 nostri,
1206 3434 1488 3502 eundem
1537 3433 1923 3518 religiosum
1972 3430 2185 3501 virum
2238 3426 2578 3497 dominum

323 3537 650 3606 Lazarum
681 3540 1012 3610 Abbatem
1033 3550 1101 3610 et
1140 3541 1472 3611 dominum
1504 3547 1822 3611 annotate
1853 3537 2302 3627 possessionis
2335 3537 2580 3622 Bogar-

323 3646 465 3714 telk
496 3655 731 3717 vocate
762 3649 1234 3722 introducendo
1266 3650 1797 3723 reambulassent
1845 3650 2196 3735 ipsamque
2225 3665 2345 3732 per
2382 3661 2584 3713 veras

326 3774 490 3825 suas
522 3761 731 3828 metas
764 3764 834 3826 et
850 3760 1183 3847 antiquas,
1215 3779 1428 3830 nouas
1458 3757 1646 3830 iuxta
1677 3763 1941 3829 veteres
1974 3757 2044 3824 in
2073 3752 2239 3824 locis
2271 3772 2580 3823 necessa-

247 3917 258 3922 -
325 3863 448 3950 rijs
481 3864 793 3952 erigendo
824 3861 1439 3957 reambulatamque
1478 3876 1547 3939 et
1576 3869 1663 3940 ab
1695 3868 1973 3938 aliorum
2022 3862 2583 3954 possessionarijs

318 3971 583 4058 juribus
609 3974 929 4062 legittime
962 3984 1343 4065 separatam
1376 3985 1443 4049 et
1494 3977 1872 4049 distinctam
1922 3993 2070 4045 cum
2106 3972 2409 4044 omnibus
2447 3974 2585 4043 suis

330 4081 730 4154 utilitatibus
760 4085 849 4154 ad
900 4087 1149 4156 dictam
1197 4089 1686 4175 possessionem
1720 4082 2196 4172 spectantibus,
2239 4082 2362 4150 sub
2394 4082 2589 4151 metis

329 4188 504 4262 infra
535 4190 957 4264 declarandis
1005 4196 1401 4265 statuissent
1440 4195 1725 4266 eandem
1776 4191 1993 4264 eidem
2041 4193 2300 4263 Lazaro
2331 4188 2587 4261 Abbati

333 4304 399 4367 et
431 4318 553 4369 suo
602 4307 1034 4375 monastrerio
1070 4325 1149 4374 eo
1173 4306 1346 4393 jure,
1380 4325 1509 4391 quo
1542 4322 1628 4373 ex
1657 4301 1879 4372 causis
1911 4300 2253 4389 premissis
2300 4298 2468 4385 ipsis
2499 4297 2596 4369 di-

331 4417 710 4479 nosceretur
740 4415 1072 4500 pertinere
1103 4421 1428 4502 perpetuo
1459 4413 1961 4505 possidendam.
1993 4411 2168 4480 Mete
2199 4415 2418 4479 autem
2448 4427 2596 4494 pre-

333 4514 512 4585 dicte
541 4523 994 4608 possessionis
1025 4525 1392 4613 Bogartelk
1425 4524 1662 4610 quibus
1696 4544 1742 4593 a
1777 4520 2122 4609 vicinarijs
2154 4515 2592 4608 possessioni·

332 4624 456 4699 bus
488 4630 911 4721 distinguitur
932 4642 1000 4704 et
1029 4641 1398 4724 separatur,
1418 4638 1613 4722 prout
1641 4632 1847 4722 ijdem
1878 4635 2097 4700 vester
2131 4634 2200 4699 et
2229 4628 2451 4695 noster
2480 4627 2596 4697 ho·

340 4742 550 4814 mines
587 4744 781 4818 nobis
830 4742 1230 4833 recitarunt,
1279 4743 1408 4815 hoc
1438 4740 1670 4815 ordine
1717 4740 2100 4831 procedunt.
2147 4735 2371 4808 Prima
2419 4732 2597 4805 enim
