3416 5313
1428 401 1545 466 111

357 605 425 665 et
452 598 803 683 adimpleri
834 598 1059 666 faeere
1084 647 1102 681 ,
1152 596 1375 664 omnia
1407 604 1472 662 et
1504 594 1772 681 singula
1803 594 2255 681 suprascripta
2287 600 2352 662 et
2384 594 2587 677 quod-

358 707 524 773 libet
559 725 803 787 eorum,
838 713 904 775 et
936 726 1061 773 non
1121 713 1348 773 contra
1379 703 1604 770 facere
1636 703 1746 769 vel
1780 702 2003 770 venire
2035 711 2262 772 contra
2291 701 2591 789 predicta

363 817 468 880 vel
499 814 769 897 aliquod
798 813 1244 900 predictorum
1293 832 1411 900 per
1445 831 1517 879 se
1538 860 1557 896 ,
1590 811 1700 877 vel
1735 810 1972 888 alium,
2023 813 2130 877 vel
2164 811 2335 877 alios
2367 809 2594 893 aliqua

357 923 651 1004 racione,
685 923 976 1007 ingenio,
1011 923 1151 989 sive
1183 940 1424 1002 causa,
1477 921 1599 985 suh
1634 935 1809 1004 pena
1839 918 2154 984 librarum
2188 916 2422 1001 viginti
2453 918 2595 984 mil-

358 1032 514 1097 lium
548 1030 962 1100 denariorum
998 1030 1394 1099 Venetorum
1427 1046 1782 1113 parvorum
1805 1024 2127 1110 solempni
2160 1026 2597 1109 stipulacione

357 1140 706 1226 promissa.
742 1141 953 1209 Versa
984 1142 1129 1206 vice
1161 1138 1497 1223 predictus
1531 1135 1832 1202 dominus
1855 1133 2185 1219 Rogerius
2205 1137 2598 1200 Mauroceno

361 1247 596 1315 Comes
627 1248 831 1317 Jadre
883 1250 1146 1317 nomine
1181 1255 1245 1316 et
1294 1246 1441 1315 vice
1473 1244 1636 1313 dicti
1683 1244 1932 1312 domini
1963 1240 2168 1310 Ducis
2221 1242 2600 1310 Communis

361 1368 426 1424 et
460 1358 792 1423 hominum
824 1358 1296 1437 Veneciarum,
1351 1356 1788 1422 habitatorum
1822 1361 1886 1419 et
1936 1351 2406 1437 subjectorum,
2441 1350 2598 1419 fide-

359 1464 518 1530 lium
552 1486 631 1531 ac
664 1467 1168 1534 districtualium
1202 1485 1466 1532 suorum
1497 1464 1792 1545 numine,
1844 1463 2160 1549 syndicus
2196 1472 2263 1528 et
2295 1481 2599 1549 procura-

368 1579 471 1639 tor
500 1575 809 1660 specialis
842 1575 1125 1642 Illustris
1177 1573 1424 1641 domini
1453 1572 1637 1640 Petri
1669 1571 2030 1640 Gradonici
2060 1572 2185 1638 Dei
2217 1572 2444 1658 gracia
2478 1569 2596 1636 Ve-

364 1683 697 1749 neciarum
729 1689 857 1751 etc.
890 1684 1097 1751 Ducis
1133 1689 1257 1750 etc.
1295 1683 1384 1751 ad
1417 1680 1877 1767 suprascripta
1899 1690 1964 1749 et
1994 1680 2420 1766 infrascripta
2452 1697 2597 1765 spe-

371 1790 626 1856 cialiter
676 1792 1107 1872 constitutus,
1161 1798 1233 1856 ut
1267 1791 1637 1856 continetur
1666 1789 1735 1854 in
1787 1789 2246 1855 commissione
2298 1788 2456 1854 dicti
2495 1787 2604 1853 do-

365 1899 522 1963 mini
554 1899 755 1966 Ducis
787 1898 966 1966 facta
998 1918 1171 1965 anno
1205 1897 1699 1965 Incarnacionis
1733 1896 2078 1966 Dominice
2111 1898 2458 1964 millesimo
2491 1895 2602 1961 du·

369 2009 727 2074 centesimo
761 2007 1188 2090 nonagesimo
1223 2006 1421 2070 tercio
1453 2004 1831 2072 Indiccione
1852 2005 2020 2089 v11.,
2049 2004 2156 2072 die
2180 2005 2394 2072 XXX.
2427 2022 2604 2069 men·

368 2115 461 2179 sis
491 2115 874 2181 Decembris
894 2162 914 2192 ,
964 2132 1007 2179 a
1037 2134 1142 2180 me
1174 2099 1459 2181 Antonio
1491 2113 1729 2181 Judice
1771 2119 1841 2180 et
1869 2115 2145 2181 Notario
2181 2115 2603 2198 infrascripto

368 2222 514 2287 visa
546 2227 611 2286 et
643 2221 810 2286 lecta
830 2269 850 2303 ,
900 2220 1131 2307 inivit,
1166 2218 1328 2285 fecit
1360 2230 1424 2285 et
1457 2218 1743 2287 firmavit
1773 2241 2005 2306 puram
2040 2226 2104 2285 et
2141 2221 2393 2287 firmam
2427 2229 2604 2285 treu-

368 2350 518 2414 gam
548 2346 756 2410 usque
791 2327 876 2393 ad
909 2327 1142 2394 decem
1174 2345 1386 2395 annos
1421 2328 1755 2411 proximos
1788 2349 1957 2398 nunc
1979 2334 2288 2394 venturos
2322 2349 2465 2395 cum
2502 2347 2606 2393 su-

368 2435 735 2523 prascripto
769 2434 1031 2502 domino
1090 2433 1381 2518 Georgio
1416 2435 1779 2520 recipiente
1830 2442 1895 2502 et
1930 2436 2286 2520 stipulante
2319 2443 2450 2504 tam
2487 2455 2604 2501 suo

338 2592 341 2595 η
374 2553 438 2611 et
468 2563 728 2611 suorum
763 2543 1024 2611 nomine
1041 2596 1061 2630 ,
1097 2563 1291 2628 quam
1327 2544 1589 2609 nomine
1631 2543 1965 2611 hominum
1999 2550 2064 2609 et
2096 2544 2465 2612 Communis
2499 2544 2608 2609 Al·

371 2652 564 2736 misii,
599 2653 986 2740 promittens
1007 2702 1029 2739 ,
1075 2652 1250 2736 quod
1283 2650 1619 2737 predictus
1652 2651 1954 2720 dominus
1994 2652 2145 2719 Dux
2176 2674 2293 2740 per
2324 2673 2399 2722 se
2418 2706 2438 2741 ,
2492 2672 2607 2720 seu

352 2785 491 2849 per
524 2764 874 2831 Commune
910 2768 974 2828 et
1006 2759 1307 2830 homines
1339 2762 1780 2829 Veneciarum
1805 2813 1825 2847 ,
1876 2761 2290 2830 habitatores
2314 2812 2334 2847 ,
2378 2762 2607 2829 fideles

376 2882 440 2941 et
471 2873 955 2951 districtuales,
1005 2891 1126 2939 seu
1176 2870 1471 2938 subditos
1519 2891 1676 2940 suos
1708 2891 1838 2938 non
1873 2871 2182 2957 offendet,
2217 2892 2338 2939 seu
2370 2873 2610 2939 offendi

376 2981 602 3068 faciet,
635 2999 753 3046 nec
785 2978 1025 3046 offendi
1077 2979 1410 3065 permittet
1440 2979 1509 3045 in
1542 2979 1844 3063 personis
1880 2980 1986 3045 vel
2016 2980 2211 3047 rebus
2249 2979 2612 3068 predictum

378 3088 697 3154 dominum
748 3087 1062 3155 Comitem
1118 3086 1490 3173 Georgium,
1525 3105 1648 3153 nec
1681 3085 2036 3153 Commune
2069 3094 2136 3153 et
2167 3087 2462 3154 homines
2496 3109 2609 3156 eos

378 3199 743 3279 ubicunque
779 3197 1182 3278 existentes,
1219 3197 1338 3261 sed
1369 3215 1485 3262 eos
1519 3214 1744 3261 omnes
1779 3200 1845 3259 et
1877 3194 2167 3279 singulos
2207 3198 2273 3260 in
2306 3199 2607 3280 personis

379 3317 441 3371 et
473 3307 668 3372 rebus
699 3312 838 3373 tam
870 3307 939 3370 in
974 3307 1179 3388 mari,
1232 3324 1431 3388 quam
1462 3305 1528 3370 in
1581 3315 1757 3370 terra
1790 3304 2053 3370 Almisii
2087 3304 2353 3373 habebit
2389 3308 2613 3375 salvos

379 3422 444 3479 et
473 3433 761 3482 securos.
813 3414 894 3477 Et
941 3412 1012 3479 in
1046 3415 1273 3480 horum
1305 3412 1503 3479 fidem
1539 3420 1606 3477 et
1636 3410 2046 3478 evidenciani
2079 3415 2435 3496 pleniorem
2470 3435 2614 3498 pre-

377 3523 593 3591 dictus
625 3521 922 3589 dominus
945 3522 1180 3589 Comes
1215 3522 1539 3605 Georgius
1573 3539 1848 3604 presens
1871 3521 2202 3603 publicum
2233 3522 2614 3588 instrumen-

376 3638 509 3697 tum
545 3651 665 3697 sua
697 3631 877 3697 bulla
909 3647 1024 3695 seu
1075 3630 1297 3714 sigillo
1332 3628 1660 3714 pendente
1694 3648 1886 3695 cereo
1937 3631 2313 3695 communiri
2347 3632 2614 3698 manda-

376 3741 490 3808 vit.
526 3740 610 3804 Et
655 3739 923 3827 insuper
972 3739 1220 3806 domini
1270 3737 1548 3824 Egidius
1590 3737 1804 3805 Judex
1825 3787 1842 3821 ‚
1880 3744 1944 3804 et
1975 3739 2304 3805 Leucarus
2355 3738 2615 3807 Andree

380 3849 560 3914 cives
593 3848 1051 3933 Spalatenses,¹
1072 3848 1330 3934 syndici
1363 3854 1428 3912 et
1460 3855 1923 3930 procuratores
1948 3848 2187 3915 nobilis
2221 3849 2342 3914 viri
2370 3851 2620 3917 domini

376 3954 698 4042 Stephani
729 3955 811 4022 de
843 3955 1119 4021 Tadinis
1152 3957 1235 4022 de
1270 3958 1559 4039 Ancona,
1602 3953 1980 4038 Potestatis,
2016 3956 2287 4023 Consilii
2318 3966 2386 4023 et
2420 3956 2613 4023 Com·

379 4067 594 4131 munis
658 4071 722 4129 et
773 4064 1106 4131 hominum
1158 4065 1419 4152 Spalati
1469 4065 1558 4131 ad
1601 4064 2021 4149 infrascripta
2051 4066 2429 4150 specialiter
2469 4085 2617 4132 con·

379 4174 609 4257 stituti,
645 4182 711 4238 ut
741 4180 927 4258 patet
957 4194 1076 4260 per
1131 4177 1623 4240 instrumentum
1655 4173 1984 4259 publicum
2019 4173 2177 4240 dicti
2210 4174 2617 4259 syndicatus,

380 4285 689 4368 scriptum
741 4304 860 4368 per
911 4303 1173 4349 manum
1205 4282 1452 4350 Thome
1485 4282 1722 4350 Vitalis
1778 4282 1856 4346 de
1908 4284 2176 4349 Perusio
2229 4286 2622 4352 auctoritate

382 4392 713 4478 Imperiali
741 4393 998 4459 Notarii
1032 4400 1098 4458 et
1130 4393 1434 4462 Civitatis
1456 4391 1715 4477 Spalati
1747 4391 1961 4456 Jurati
1984 4390 2044 4456 N
2049 4391 2258 4471 otarii,
2281 4399 2347 4461 et
2377 4394 2618 4459 factum

383 4503 502 4570 sub
536 4521 710 4569 anno
745 4500 1004 4567 Domini
1036 4501 1380 4569 millesimo
1415 4501 1864 4568 ducentesimo
1898 4501 2325 4585 nonagesimo
2359 4507 2616 4584 quarto,

385 4609 765 4677 Indiccione
796 4611 937 4676 VII.
973 4609 1078 4676 die
1112 4610 1294 4678 XXI.
1330 4610 1577 4677 mensis
1599 4609 1847 4689 Marcii,
1876 4629 1917 4673 a
1937 4628 2041 4675 me
2072 4611 2359 4676 Antonio
2390 4609 2620 4677 Judice

388 4730 452 4788 et
482 4720 761 4814 Notario
802 4719 1223 4806 infrascripto
1256 4721 1400 4789 viso
1431 4727 1497 4786 et
1528 4720 1719 4803 lecto,
1754 4719 2014 4785 nomine
2047 4728 2112 4785 et
2148 4719 2293 4786 vice
2332 4720 2619 4802 ipsorum
