3416 5313
1369 393 1492 458 187

1371 1063 1520 1129 125.

335 1263 510 1329 VIII.
562 1262 875 1348 Bonifcicz
913 1268 1096 1348 pcipa
1137 1286 1176 1325 a
1227 1287 1309 1331 εκ.
1347 1263 1914 1327 Ferencz-reudz'lek
1963 1262 2315 1327 szlavoniai
2365 1271 2550 1325 tarto—

319 1371 903 1457 mcirzy-fb'niilce'nek,
957 1373 1114 1458 hoqy
1145 1373 1248 1435 kc't
1278 1383 1590 1437 saer-zetest
1622 1372 1888 1458 killdjc‘in
1921 1369 2555 1457 hitinquisitoroknak

717 1482 1212 1568 Mayyarorszciy
1244 1481 1370 1546 dala·
1409 1481 1932 1567 tar-comdnyaiba.
1968 1483 2160 1544 1298.

536 1698 914 1763 Bonifacius
948 1699 1312 1783 Episcopus
1364 1718 1594 1765 seruus
1630 1718 1963 1766 seruorum
1994 1696 2121 1763 Dei
2155 1696 2395 1764 dilecto
2427 1694 2557 1762 filio

324 1856 337 1870 .
375 1853 392 1870 .
427 1855 441 1869 .
477 1806 773 1873 Ministro
806 1806 1201 1873 Provinciali
1256 1806 1520 1875 Ordinis
1559 1808 1830 1873 fratrum
1883 1808 2198 1872 Minorum
2252 1805 2320 1870 in
2353 1802 2555 1869 admi-

323 1915 708 1981 nistratione
759 1914 1096 1998 provincie
1132 1915 1502 1998 Sclavonie,
1558 1919 1836 1983 salutem
1871 1924 1934 1980 ct
1968 1912 2418 1999 Apostolicam
2450 1913 2559 1978 be-

323 2023 782 2091 nedictionem.
833 2022 1020 2090 Licet
1070 2043 1151 2089 ex
1208 2025 1505 2091 omnibus
1556 2026 1782 2093 mundi
1832 2025 2168 2110 partibuS,
2222 2041 2346 2107 que
2381 2019 2559 2087 Chri·

324 2133 543 2200 stiana
574 2131 892 2216 religione
943 2140 1308 2219 censentur,
1360 2142 1701 2200 teneamur
1753 2153 1836 2199 ex
1870 2132 2067 2198 officii
2100 2132 2326 2198 debito
2361 2126 2556 2195 extir-

322 2260 485 2328 pare
520 2239 840 2307 letiferam
875 2246 1129 2325 pestem
1161 2242 1449 2310 heretice
1488 2242 1860 2328 pravitatis,
1898 2243 1962 2308 in
2002 2241 2304 2325 partibus
2337 2244 2558 2303 tamen

324 2349 551 2416 Servie
571 2399 587 2432 ,
641 2351 840 2418 Rasie
860 2399 878 2432 ,
931 2350 1288 2435 Dalmatie,
1325 2350 1649 2435 Crovatie,
1685 2355 1903 2418 Bosne
1937 2356 2136 2432 atque
2168 2348 2377 2429 Istrie‚
2413 2364 2559 2432 pro-

322 2458 532 2525 vincie
564 2459 949 2543 Sclavonie,
1002 2459 1297 2526 imminet
1346 2458 1536 2525 nobis
1587 2458 1708 2526 hec
1743 2457 2118 2525 sollicitudo
2152 2456 2560 2542 propensiuS,

327 2568 433 2634 ubi
467 2569 742 2634 eandem
773 2577 1023 2653 pestem
1076 2576 1341 2653 propter
1375 2568 1696 2636 malitiam
1735 2568 2068 2652 temporiS‚
2103 2587 2228 2651 qu‘e
2261 2565 2327 2633 in
2361 2566 2560 2632 detri-

323 2687 606 2745 mentum
659 2677 809 2745 fidei
863 2678 1200 2746 Catholice
1252 2698 1572 2763 perversa
1623 2680 1959 2765 genimina
2010 2677 2423 2763 germinavit,
2481 2694 2562 2741 ex

326 2787 659 2854 evidentia
709 2793 930 2873 operis
982 2796 1046 2853 et
1096 2788 1272 2855 fame
1321 2791 1565 2858 noticia
1617 2789 2062 2874 persensimus
2114 2787 2562 2854 abundantius

327 2895 753 2965 succrevisse.
790 2898 1142 2983 Cupientes
1175 2899 1375 2983 igitur
1410 2899 1477 2962 in
1510 2898 1703 2963 dictis
1739 2896 2061 2984 partibus,
2095 2907 2160 2961 et
2189 2897 2259 2961 in
2293 2897 2561 2962 Archie-

328 3006 785 3090 piscopatibus
819 3006 1202 3086 Duracensi,
1235 3007 1674 3084 Antibarensi‚
1701 3006 2062 3093 Ragusino,
2085 3005 2465 3091 Spalatensi
2500 3012 2564 3070 et

325 3115 634 3181 Jadrensi
655 3165 673 3194 ,
708 3122 773 3180 et
806 3115 1196 3181 Diocesibus
1229 3116 1387 3202 suis»,
1422 3136 1539 3201 per
1572 3116 1828 3200 aliquos
1867 3115 1950 3180 de
1982 3114 2291 3181 fratribus
2325 3114 2421 3179 tui
2455 3135 2561 3180 or-

324 3223 499 3289 dinis
534 3230 787 3306 partem
822 3243 1019 3310 super
1037 3226 1165 3291 hoc
1186 3231 1404 3289 nostre
1424 3223 1883 3292 sollicitudinis
1916 3223 2284 3307 adimpleri,
2326 3222 2565 3291 discre-

326 3333 493 3398 tioni
527 3339 632 3395 tue
665 3352 781 3416 per
816 3333 1201 3418 Apostolica
1239 3333 1484 3419 scripta
1538 3334 1806 3401 firmiter
1836 3332 2261 3419 precipiendo
2295 3331 2563 3397 manda·

325 3461 496 3515 mus,
532 3449 849 3524 quatenus
884 3440 966 3507 de
999 3440 1273 3507 consilio
1326 3440 1689 3524 aliquorum
1741 3442 2010 3509 fratrum
2059 3442 2268 3529 ipsius
2318 3439 2565 3507 ordinis

327 3548 542 3633 eligas
600 3547 762 3613 duos
816 3547 897 3612 de
949 3548 1261 3614 fratribus
1296 3549 1503 3633 ipsius
1553 3548 1799 3615 ordinis
1833 3556 1940 3616 tue
1976 3550 2568 3617 administrationis

329 3655 596 3720 idoneos
632 3655 719 3721 ad
760 3657 1131 3722 huiusmodi
1181 3676 1345 3740 opus
1379 3657 1773 3744 dominicum
1805 3658 2304 3743 exequendum,
2341 3658 2565 3741 eisque

329 3765 401 3831 in
433 3765 672 3830 virtute
723 3764 1100 3832 obedientie
1153 3765 1445 3833 districte
1497 3766 1885 3853 Apostolica
1917 3769 2257 3854 precipere
2290 3769 2565 3837 auctori-

328 3877 468 3938 tate
499 3891 828 3957 procures,
854 3880 925 3939 ut
956 3874 1365 3956 inquisitoris
1390 3874 1668 3942 officium
1693 3876 1762 3943 in
1794 3877 1957 3943 locis
1991 3877 2306 3961 predictis
2341 3883 2566 3944 contra

326 3979 693 4063 heredicos,
730 3982 1091 4065 credentes,
1129 3984 1437 4066 fautoreS,
1462 3983 1846 4052 defensores
1882 3992 1946 4050 et
1980 3992 2425 4072 receptatores
2459 4005 2563 4053 eo-

328 4109 508 4176 rum,
560 4089 748 4156 iuxta
796 4090 1071 4158 formam
1122 4093 1189 4157 in
1240 4092 1393 4157 aliis
1428 4091 1828 4177 Apostolicis
1880 4095 2110 4161 litteris
2164 4115 2563 4179 expressam,

328 4219 457 4284 que
489 4199 797 4278 fratribus
847 4201 1125 4284 predicti
1178 4202 1426 4270 ordinis
1477 4203 1969 4288 inquisitoribus
2002 4203 2383 4270 huiusmodi
2419 4224 2563 4291 pra-

326 4309 556 4375 vitatis
590 4309 657 4374 in
692 4309 938 4376 eisdem
971 4310 1133 4376 locis
1167 4309 1502 4397 deputatis
1537 4312 1927 4378 auctoritate
1960 4313 2343 4395 Apostolica
2375 4318 2441 4378 et
2471 4313 2563 4377 in-

327 4422 662 4502 posterum
687 4417 1098 4507 deputandis,
1135 4442 1264 4488 non
1298 4420 1629 4506 expressis
1652 4422 2016 4504 aliquorum
2050 4422 2443 4501 nominibus,
2465 4441 2566 4489 su-

328 4548 448 4612 per
481 4529 860 4611 exequendo
912 4529 1082 4595 dicto
1135 4530 1551 4612 Inquisitoris
1603 4529 1812 4599 officio
1845 4532 2291 4612 destinantur,
2333 4534 2567 4613 exequi

330 4636 640 4704 studeant
691 4637 1058 4723 diligenter.
1110 4640 1249 4706 Nos
1303 4641 1474 4707 enim
1514 4640 1844 4726 predictos
1897 4641 2061 4707 duos
2096 4639 2329 4706 fratres
2354 4690 2371 4723 ‚
2407 4658 2565 4722 quos

331 4745 416 4811 ad
447 4747 572 4815 hoc
606 4748 907 4833 elegeris,
932 4755 999 4817 et
1028 4754 1366 4837 utrumque
1399 4751 1711 4841 ipsorum,
1752 4750 2074 4841 prefatum
2104 4748 2384 4817 officium
2418 4767 2562 4817 exe-
