3416 5313
1439 425 1525 495 49

357 620 635 689 eundem
667 620 750 689 de
799 620 991 689 dictis
1043 623 1341 708 partibus
1391 626 1705 693 radicitus
1757 625 2237 714 extirpandum.
2292 631 2452 717 Nos,
2487 630 2598 717 qui

354 732 514 798 licet
541 730 841 799 immeriti
875 734 1034 801 Jesu
1071 733 1337 817 Christi,
1388 733 1585 819 Regis
1620 738 1846 820 eterni,
1882 737 2150 805 humani
2200 741 2465 825 generis
2498 760 2598 806 re·

356 840 755 926 demptoris,
806 840 985 908 vices
1033 850 1337 925 gerentes
1386 842 1453 909 in
1503 843 1692 911 terris
1731 845 1967 928 grandi
2015 847 2348 915 desiderio
2382 849 2595 934 singu-

353 951 568 1016 lorum
617 953 894 1018 salutem
942 949 1349 1037 appetimus,
1404 958 1465 1017 et
1520 951 1611 1019 ad
1661 953 2105 1039 ampliandum
2160 960 2400 1024 cultum
2449 957 2598 1026 fidei

356 1057 767 1142 Christiane,
818 1058 1142 1127 submotis
1189 1060 1524 1146 quibusvis
1576 1060 1942 1131 obstaculis
1963 1114 1980 1147 ‚
2045 1065 2200 1155 totis
2250 1065 2598 1135 desideriis

356 1169 750 1254 aspiramus,
775 1167 858 1235 de
890 1166 1257 1236 huiusmodi
1290 1177 1400 1237 tuo
1424 1170 1740 1238 laudabili
1763 1179 1829 1239 et
1848 1172 2094 1242 salubri
2127 1175 2468 1260 proposito
2501 1176 2598 1242 in·

353 1282 464 1343 tra
495 1276 729 1344 mentis
762 1283 984 1345 nostre
1017 1277 1363 1362 precordia
1398 1281 1769 1348 exultantes
1801 1280 2298 1368 multiformiter,
2335 1291 2402 1351 et
2430 1284 2595 1367 Regi

357 1389 614 1470 Regum
642 1385 915 1472 proinde
949 1386 1037 1454 ad
1069 1370 1441 1471 gratiarum’
1465 1388 1763 1456 actiones
1799 1390 2133 1477 supplices
2174 1398 2599 1477 assurgentes

356 1496 828 1579 supplicationi
860 1494 1344 1564 huiusmodi‘ex
1379 1496 1637 1592 fervore
1671 1516 1908 1582 magne
1940 1499 2312 1569 devotionis
2345 1509 2409 1567 et
2439 1502 2601 1569 inte-

356 1603 605 1689 gritate
652 1603 809 1671 fidei
859 1601 1236 1687 procedenti
1291 1606 1741 1673 favorabiliter
1794 1607 2098 1676 duximus
2136 1609 2599 1696 annuendum3

358 1711 607 1779 dilecto
639 1710 768 1777 filio
820 1759 833 1773 .
886 1759 902 1775 .
952 1761 966 1775 .
1016 1710 1316 1779 Ministro
1350 1712 1616 1781 Ordinis
1668 1714 1943 1782 fratrum
1982 1716 2301 1784 Minorum
2338 1716 2604 1786 Provin-

357 1821 460 1887 cie
494 1818 844 1886 Sclavonie
866 1867 882 1899 ,
916 1819 1024 1904 qui
1058 1838 1481 1906 personarum
1515 1823 1619 1888 sui
1652 1821 1918 1889 Ordinis
1955 1826 2218 1910 plenam
2264 1824 2465 1894 habet
2496 1843 2605 1892 no·

356 1927 575 1995 titiam
596 1976 613 2008 ,
664 1928 891 1994 dantes
925 1949 1041 2012 per
1076 1930 1246 1995 alias
1279 1936 1539 1997 nostras
1572 1930 1830 1998 litteras
1865 1932 1931 1998 in
1964 1933 2293 2002 mandatis
2315 1986 2331 2019 ,
2387 1939 2457 2001 ut
2484 1954 2598 2001 au·

358 2035 666 2104 ctoritate
697 2043 928 2103 nostra
956 2035 1122 2104 duos
1157 2035 1364 2123 eligat
1417 2059 1498 2105 ex
1530 2037 1761 2106 eodem
1793 2035 2036 2109 Ordine
2069 2043 2308 2110 fratres
2331 2043 2423 2110 ad
2459 2061 2603 2129 pre-

360 2146 546 2212 dicta
576 2144 895 2232 ydoneos,
931 2144 1040 2230 qui
1074 2144 1206 2212 sint
1226 2150 1364 2214 vita
1389 2153 1455 2212 et
1485 2150 1985 2216 conversatione
2017 2149 2301 2237 probati,
2336 2151 2603 2218 litterali

359 2253 641 2322 scientia
671 2252 912 2337 prediti
945 2258 1010 2320 et
1040 2252 1328 2338 regionis
1379 2255 1560 2325 illius
1592 2255 1963 2340 ydeomatis
1996 2278 2127 2325 non
2161 2259 2402 2345 ignari,
2436 2278 2600 2344 quos

362 2365 451 2430 ad
482 2370 883 2432 memoratas
915 2370 1141 2448 partes
1182 2362 1425 2449 dirigat
1457 2382 1573 2450 pro
1626 2367 2027 2434 eliminanda
2062 2388 2143 2434 ex
2179 2368 2426 2436 eisdem
2458 2389 2604 2453 par·

361 2471 537 2541 tibus
568 2471 860 2540 heretica
891 2472 1243 2558 pravitate,
1274 2495 1353 2540 ao
1385 2474 1514 2542 fide
1542 2475 1894 2543 catholica
1926 2476 2084 2543 inibi
2106 2477 2348 2545 Divina
2378 2494 2606 2562 coope-

362 2588 553 2649 rante
574 2582 791 2669 gratia
811 2580 1166 2650 salubriter
1193 2583 1590 2670 amplianda.
1613 2584 2165 2668 Magnificentiam
2188 2584 2408 2672 itaque
2430 2590 2607 2651 tuam

362 2711 695 2777 rogamus,
728 2710 1066 2760 monemus
1101 2699 1167 2759 et
1198 2691 1264 2760 in
1295 2694 1457 2760 Jesu
1491 2692 1754 2762 Christ-o
1786 2700 2012 2762 nostre
2047 2697 2278 2764 salutis
2316 2701 2606 2779 auctore,

362 2800 548 2868 cuius
567 2792 896 2888 negotium
916 2799 1182 2887 geritur,
1210 2800 1525 2869 attentius
1559 2802 1997 2888 exhortamur,
2018 2809 2338 2888 quatenus
2372 2802 2608 2871 fratres

363 2907 698 2992 predictos
725 2910 811 2977 ad
830 2909 1351 2996 prosecutionem
1369 2910 1656 2997 predicti
1683 2913 1932 2995 negotii
1962 2934 2078 2999 per
2128 2912 2371 2979 dictum
2421 2911 2610 2978 Mini-

365 3023 574 3084 strum
604 3017 990 3086 auctoritate
1019 3024 1264 3106 nostra,
1305 3026 1374 3085 ut
1404 3018 1820 3104 premittitur,
1854 3019 2216 3105 eligendos,
2250 3038 2390 3085 eum
2427 3021 2516 3088 ad
2544 3025 2610 3087 te

366 3127 810 3213 pervenerint,
843 3126 1078 3197 intuitu
1128 3127 1254 3196 Dei
1308 3128 1788 3213 omnipotentis
1822 3135 1886 3195 et
1918 3130 2000 3194 ob
2034 3129 2466 3195 reverentiam
2499 3130 2610 3196 Se-

368 3235 473 3307 dis
505 3234 883 3321 Apostolice
904 3243 1102 3324 atque
1124 3246 1435 3324 nostram,
1461 3239 1568 3324 qui
1590 3239 1666 3304 te'
1687 3239 1866 3304 velut
1894 3235 2368 3304 benedictionis
2409 3235 2611 3304 filium

366 3345 774 3414 carissimum
805 3348 1065 3415 sincera
1098 3349 1165 3415 in
1199 3347 1476 3416 Domino
1509 3348 1955 3435 prosequimur
1988 3346 2283 3429 caritate,
2313 3346 2609 3430 benigne,

368 3463 440 3523 ut
470 3456 748 3542 Regiam
783 3456 975 3525 decet
1007 3457 1502 3545 Celsitudinem‚
1536 3459 1845 3542 recipias,
1881 3457 2187 3544 ipsosque
2220 3474 2614 3523 recommen-

368 3565 571 3632 datos
601 3564 872 3652 habeas,
908 3572 972 3633 et
1004 3568 1068 3633 in
1094 3570 1545 3653 prosecutione
1580 3568 1822 3654 prefati
1842 3566 2090 3653 negotii
2114 3549 2428 3648 favorem,
2467 3582 2612 3629 con-

368 3672 589 3740 silium
622 3680 686 3741 et
716 3674 1029 3743 auxilium
1063 3673 1310 3744 eisdem
1343 3676 1706 3764 impendas,
1732 3684 1801 3743 ut
1833 3675 2108 3743 dextera
2139 3671 2613 3758 Magnitudinis

338 3787 482 3850 ,tue
513 3781 699 3865 freti,
754 3784 993 3851 dictum
1024 3787 1357 3871 negotium
1409 3786 1497 3852 ad
1529 3783 1652 3854 Dei
1686 3784 1990 3869 laudem,
2034 3783 2407 3850 Christiane
2458 3780 2615 3848 fidei

371 3890 847 3960 exaltationem
880 3900 946 3961 et
978 3892 1069 3960 tui
1116 3893 1394 3960 nominis
1428 3893 1739 3962 honorem
1781 3891 2139 3962 efficaciter
2169 3898 2235 3959 et
2264 3889 2615 3960 salubriter

371 3997 735 4086 perducere
765 4003 1036 4070 valeant
1068 4003 1157 4068 ad
1189 4003 1492 4070 effectum
1513 4056 1530 4090 ,
1565 4011 1762 4089 tuque
1796 4024 1836 4069 a
1876 4002 2268 4071 retributore
2299 3999 2617 4069 bonorum

373 4112 683 4197 omnium,
716 4112 825 4196 qui
859 4131 974 4198 pro
995 4111 1276 4179 minimis
1308 4114 1592 4196 grandia
1622 4117 2100 4201 recompensat,
2135 4117 2289 4196 post
2318 4113 2451 4182 vite
2477 4130 2619 4196 pre-

373 4218 583 4288 sentis
605 4218 847 4287 exitum
869 4227 1090 4287 eterne
1128 4219 1553 4289 beatitudinis
1591 4221 1840 4307 premia
1859 4219 2139 4308 proinde
2170 4216 2615 4303 consequaris.

376 4331 620 4396 Datum
670 4328 844 4413 apud
901 4323 1478 4395 Urbem-Veterem
1529 4330 1608 4395 X.
1664 4331 1798 4397 kal.
1853 4329 2098 4415 Aprilis
2122 4377 2139 4411 ,
2194 4329 2617 4396 Pontificatus

374 4438 589 4505 nostri
624 4457 795 4506 anno
838 4446 1093 4522 quarto.

466 4550 561 4615 In.
577 4569 635 4615 e.
649 4568 730 4613 m.
744 4546 1082 4614 carissime
1094 4546 1162 4614 in
1174 4545 1432 4613 Christo
1444 4544 1575 4612 filie
1588 4545 1840 4612 Helene
1850 4545 2100 4630 Regine
2113 4543 2338 4614 Servie
2349 4545 2613 4615 Illustri.

584 4687 706 4756 (IV.
733 4685 943 4743 Miklos
970 4685 1124 4759 papa
1166 4685 1544 4760 Regestaibol
1571 4684 1825 4742 Theiner
1851 4686 1926 4741 id.
1954 4705 2025 4740 m.
2053 4686 2096 4740 1.
2126 4687 2182 4740 k.
2210 4686 2333 4741 377.
2361 4685 2425 4756 l.)

385 4887 585 4932 iconum.
607 4887 764 4930 nune.
786 4886 917 4929 rusr.
946 4907 1000 4916 --
1028 4888 1165 4929 mm..
1198 4888 1235 4929 s.
2155 4869 2198 4932 4
