3416 5313
1731 505 2036 524 vua-”Q

1828 1047 1947 1114 36.

762 1237 1002 1324 Data-ik,
1037 1241 1352 1330 kapuvdri
1401 1248 1681 1331 vciomaqy
1701 1297 1718 1328 ,
1754 1244 1983 1332 Jelenti
2013 1246 2143 1312 III.
2179 1245 2395 1311 Endre
2427 1246 2788 1333 lch‘dlynak,
2840 1246 2995 1333 hoqy

748 1371 1075 1434 parancsa
1124 1352 1348 1414 sz'erint
1380 1375 1421 1415 a
1444 1340 1718 1439 joyosan
1752 1354 2040 1419 Herbord
2087 1366 2333 1419 mestert
2365 1355 2540 1424 illac&
2567 1356 2799 1420 Ilmb'cz
2832 1354 2994 1441 hely-

757 1460 938 1542 θέρει,
971 1460 1096 1542 m‘z'q
1128 1458 1421 1523 Herbord
1453 1462 1515 1524 ἐς
1534 1483 1575 1523 a
1602 1462 1861 1526 vasvdri
1877 1461 2187 1549 kdptalan
2208 1464 2348 1525 kb‘zt
2378 1463 2544 1527 ite'let
2576 1462 2749 1527 lenna
2782 1461 2996 1541 hozva,

757 1565 1011 1630 keze'hez
1042 1567 1273 1632 alcarta
1311 1569 1514 1645 wenni,
1547 1568 1622 1632 de
1653 1570 1861 1635 Jdnos
1891 1580 2107 1635 mester
2138 1573 2201 1635 e's
2233 1587 2275 1632 a
2305 1582 2566 1636 nevezett
2586 1573 2866 1656 prepositi
2894 1579 2997 1633 ατε

1186 1676 1659 1760 lamo-tanatum
1691 1677 1762 1741 ki
1789 1699 1928 1742 nem
1962 1687 2289 1745 eresztette.
2345 1680 2541 1744 1291.

974 1874 1540 1963 Excellentissimo
1589 1860 1849 1943 domino
1882 1893 2022 1960 suo,
2054 1876 2317 1944 Andree
2351 1877 2456 1944 dei
2492 1877 2721 1959 gracia
2753 1877 2998 1945 Illustri

761 1983 933 2070 Regi
963 1983 1321 2068 Hungarie,
1352 1983 1588 2052 Comes
1615 1981 1923 2069 Dytrieus
1956 1984 2355 2051 castellanus
2389 1986 2470 2052 de
2502 1987 2692 2070 Kopu
2725 1984 2996 2053 inelina-

763 2092 1014 2159 cionem
1048 2113 1192 2159 eum
1240 2090 1620 2160 fidelissimo
1669 2091 2010 2159 famulatu.
2045 2091 2355 2182 Receptis
2387 2093 2622 2160 litteris
2663 2094 2994 2162 Serenita-

759 2201 843 2268 tis
880 2206 1096 2268 uestre
1127 2200 1506 2266 mandatum
1539 2205 1818 2266 vestrum
1844 2200 2116 2284 exsequi
2152 2201 2331 2268 uolui
2349 2202 2414 2291 in
2436 2202 2562 2267 hae
2584 2213 2790 2285 parte,
2817 2202 2990 2286 quod

754 2311 936 2376 iuxta
971 2307 1501 2375 consuetudinem
1537 2303 1746 2392 Regni
1782 2308 2214 2395 approbatam
2265 2310 2750 2396 possessionem
2784 2311 2987 2394 magi-

759 2418 874 2485 stri
905 2418 1252 2502 Herbordy
1288 2416 1578 2485 Ilmeueh
1612 2424 1919 2483 uocatam
1952 2417 2038 2482 ad
2088 2437 2212 2504 me,
2244 2417 2552 2485 videlieet
2583 2418 2669 2484 ad
2704 2438 2995 2484 eommu-

755 2546 903 2592 nem
940 2546 1209 2592 manum
1240 2525 1532 2609 reoipere
1568 2524 1766 2608 uolui,
1803 2525 2015 2591 medio
2050 2532 2358 2610 tempore,
2397 2526 2605 2592 donee
2639 2526 2869 2592 ordine
2899 2525 2990 2590 iu·

762 2633 1034 2703 dieiario
1091 2635 1259 2701 inter
1299 2634 1513 2719 ipsum
1554 2633 1937 2719 magistrum
1989 2634 2397 2700 Herbordum
2423 2686 2438 2717 ,
2482 2640 2549 2700 et
2581 2634 2996 2722 Propositum

758 2745 985 2813 Castri
1017 2742 1208 2809 ferrei
1260 2742 1731 2825 discuteretur,
1774 2743 1890 2809 sed
1923 2743 2012 2809 ad
2050 2743 2305 2810 litteras
2338 2743 2706 2809 Maiestatis
2755 2749 2994 2824 uestre‚

757 2854 1083 2937 magistro
1116 2850 1403 2921 Jobanni
1434 2858 1498 2917 et
1530 2850 1704 2919 dieto
1740 2852 2079 2935 Preposito
2116 2851 2468 2934 exhibitas,
2521 2851 2724 2937 ijdem
2749 2850 2994 2919 dietam

765 2963 1254 3047 possessionem
1302 2962 1633 3028 remittere
1664 2982 1794 3027 non
1829 2966 2151 3045 curarunt,
2183 2961 2605 3046 prouentibus
2654 2966 2719 3026 et
2749 2960 2993 3027 vtilita-

761 3071 940 3137 tibus
991 3069 1278 3137 eiusdem
1330 3071 1660 3156 perceptis
1712 3069 1780 3135 in
1817 3068 2245 3155 preiudieium
2296 3068 2597 3155 magistri
2642 3067 2992 3155 Herbordy

762 3178 1121 3265 memorati,
1158 3176 1457 3261 quamuis
1508 3178 1594 3245 sit
1627 3178 1712 3246 de
1742 3179 1880 3244 iure
1913 3178 2243 3262 possessio
2277 3178 2577 3262 magistri
2617 3176 2990 3264 Herbordy,

759 3288 926 3356 sieut
975 3290 1045 3354 in
1096 3287 1333 3353 litteris
1384 3286 1913 3371 priuilegialibus
1967 3285 2204 3354 exinde
2257 3286 2573 3353 confectis
2612 3286 2893 3371 inspexi,
2928 3291 2994 3351 et

763 3396 1055 3463 constitit
1086 3394 1282 3463 miehi
1316 3396 1721 3463 euideneius.
1755 3396 1947 3462 Vnde
1999 3404 2258 3462 constat
2289 3396 2352 3460 in
2388 3395 2747 3463 elem'eneia
2778 3401 2995 3463 uestre

761 3505 1148 3587 Maiestatis,
1185 3502 1531 3588 quidinde
1565 3504 1653 3571 sit
1683 3485 2033 3588 agendum.

971 3611 1274 3678 Kivizlrb'l.
1295 3635 1315 3676 .-
1345 3613 1625 3680 Domino
1660 3612 1847 3693 Regi.

755 3804 775 3876 (
784 3807 831 3862 A
854 3806 985 3883 gros
1005 3808 1209 3869 Teleki
1249 3806 1450 3869 esalad
1477 3806 1950 3881 magyarorszagi
1992 3805 2222 3882 aganak
2248 3804 2635 3864 leve‘ltarabol
2664 3804 2975 3878 Gyomro'n.

1558 3897 1734 3956 Kozli
1761 3898 1923 3953 Suebo
1952 3900 2193 3968 Karoly.)
