3416 5313
1799 322 1890 389 40

702 522 925 603 nibus,
965 520 1350 607 comitibus,
1385 520 1613 608 Banis,
1646 519 2023 588 Batonibus
2056 541 2135 587 ae
2158 521 2493 590 universis
2524 520 2767 590 Christi
2798 518 2953 588 fide-

705 630 878 696 libus
906 649 1025 715 per
1056 631 1347 715 Regnum
1394 631 1687 717 Ungarie
1727 630 2115 700 constitutis.

706 825 830 899 (IV.
855 826 1068 882 Miklos
1094 825 1252 900 papa
1275 826 1672 901 Regestaibol,
1694 826 2045 884 Theiner-nel
2070 829 2147 885 id.
2169 847 2241 884 m.
2268 829 2312 884 Ι.
2337 829 2459 884 kat.
2486 827 2612 886 370.
2637 829 2674 884 l.
2700 828 2754 883 A
2779 826 2954 900 papa.-

703 918 822 975 nak
847 917 887 974 J
889 916 1031 973 anos
1054 916 1396 990 piispokhez
1419 918 1579 975 szolo
1600 918 2001 993 meghagyasa
2023 920 2329 977 olvashato
2348 916 2617 989 Fejernel
2638 917 2777 975 cod.
2799 917 2955 990 Dipl.

1527 1008 1627 1067 VI.
1653 1009 1775 1065 kst.
1800 1007 1843 1066 Ι.
1871 1029 1915 1064 r.
1960 1011 2047 1066 76.
2074 1007 2135 1080 l.)

1565 1306 2079 1317 ————.—-.

1787 1842 1907 1906 26.

710 2036 831 2103 IV.
863 2036 1100 2101 Miklds
1117 2040 1306 2123 papa
1336 2037 1602 2103 Milutin
1645 2038 1804 2103 Uros
1834 2039 2051 2128 Istudn
2086 2040 2357 2104 szerbiai
2404 2039 2645 2126 kircilyt
2676 2063 2753 2104 az
2808 2061 2963 2126 apo-

1034 2144 1182 2210 stoli
1213 2147 1353 2209 sze'lc
1384 2145 1644 2210 killo'nos
1662 2145 2051 2236 pdrtfoydsa
2084 2147 2195 2211 αῐά
2215 2149 2391 2213 veszi.
2416 2148 2611 2215 1291.

928 2344 1241 2411 Nieolaus
1293 2344 1658 2431 Episcopus
1694 2364 1923 2413 seruus
1958 2366 2297 2413 seruorum
2335 2346 2464 2413 Dei
2520 2347 2865 2414 carissimo
2899 2347 2964 2411 in

715 2451 975 2520 Christo
1009 2450 1145 2517 filio
1177 2451 1518 2537 Stephano
1552 2453 1717 2536 Regi
1750 2453 1979 2521 Servie
2009 2452 2257 2520 Illustri
2290 2455 2571 2522 salutem
2594 2460 2659 2519 et
2688 2457 2964 2539 Aposto-

712 2561 908 2627 lieam
945 2560 1489 2628 benedictionem.
1538 2560 1801 2638 Quanto
1834 2562 2157 2629 devotiori
2210 2563 2426 2630 studio
2461 2564 2967 2630 sacrosanctam

714 2673 1077 2738 Romanam
1132 2670 1500 2735 Eeelesiam
1554 2673 1878 2738 revereris
1901 2722 1918 2754 ‚
1970 2678 2213 2754 quanto
2264 2673 2675 2756 propensiori
2726 2671 2968 2739 affeetu

717 2779 1060 2863 consurgis
1111 2777 1199 2844 ad
1250 2786 1480 2845 nostra
1530 2788 1595 2846 et
1644 2781 1854 2864 ipsius
1904 2781 2203 2848 Ecclesie
2259 2781 2682 2864 beneplacita
2733 2799 2960 2866 prose-

718 2883 998 2970 quenda,
1032 2891 1219 2954 tanto
1253 2888 1428 2953 eirea
1476 2892 1655 2952 tuum
1691 2896 1759 2953 et
1795 2888 2008 2974 Regni
2056 2890 2154 2954 tui
2202 2894 2445 2955 statum
2478 2909 2866 2976 prosperum
2898 2875 2972 2955 in'

717 3001 1055 3081 posterum
1089 2996 1613 3063 conservandum
1663 2996 1980 3063 libentius
2036 2998 2407 3081 Apostoliei
2440 2998 2735 3083 presidia
2786 3000 2968 3065 favo-

717 3104 807 3170 ris
841 3095 1234 3191 apponimus
1285 3105 1416 3170 tuis
1472 3104 1876 3188 providendo
1928 3105 2316 3174 utilitatibus
2362 3111 2429 3171 et
2479 3106 2971 3191 indempnitati-

719 3216 842 3281 bus
871 3212 1307 3299 precavendo.
1357 3210 1444 3277 Ut
1475 3214 1673 3298 igitur
1724 3215 1931 3281 nostri
1965 3236 2228 3282 manum
2276 3216 2509 3282 auxilii
2557 3224 2673 3283 tua
2707 3216 2970 3285 Sereni-

718 3332 823 3391 tas
857 3322 984 3390 sibi
1015 3321 1261 3388 sentiat
1292 3324 1357 3387 in
1391 3320 1529 3388 suis
1586 3323 2136 3407 oportunitatibus
2190 3323 2643 3392 favorabiliter
2693 3323 2967 3392 adiutri-

719 3451 898 3510 eem,
949 3450 1299 3516 personam
1356 3437 1539 3496 tuam
1592 3436 1654 3497 et
1686 3431 1982 3515 Regnum
2015 3438 2196 3498 tuum
2231 3451 2374 3497 eum
2407 3432 2806 3518 civitatibus,
2856 3455 2967 3501 ea-

720 3540 893 3624 stris,
927 3540 1138 3623 tenis,
1187 3538 1365 3608 villis
1417 3543 1483 3604 et
1531 3537 1725 3607 bonis
1779 3537 1951 3623 aliis,
2005 3559 2131 3622 que
2179 3536 2747 3624 impresentiarum
2797 3542 2972 3611 iuste

692 3698 696 3702 -
722 3657 789 3715 et
820 3648 1301 3717 rationabiliter
1328 3648 1636 3735 possides
1657 3700 1674 3733 ‚
1711 3647 1830 3715 sub
1862 3648 2054 3715 Beati
2099 3649 2275 3715 Petri
2308 3658 2374 3717 et
2409 3656 2636 3716 nostra
2665 3651 2973 3733 protectiss

725 3777 854 3826 one
888 3757 1282 3841 suseipimus
1304 3806 1322 3840 ,
1356 3763 1421 3823 et
1452 3756 1783 3842 presentis
1817 3755 2045 3841 scripti
2086 3758 2447 3841 patrocinio
2481 3757 2982 3843 communimus,-

723 3873 1091 3936 statuentes
1114 3918 1132 3952 ,
1181 3870 1254 3931 ut
1286 3885 1368 3931 ea
1401 3863 1621 3930 omnia
1678 3862 1937 3948 integra
1967 3872 2404 3948 permaneant
2436 3870 2501 3930 et
2553 3864 2798 3947 quieta,
2851 3888 2974 3935 nee

725 3973 1073 4057 qnisquam
1120 3972 1189 4036 in
1219 3970 1348 4037 hiis
1380 3979 1444 4037 te
1493 3972 1878 4058 perturbare
1925 3978 2263 4055 presumat
2312 3978 2427 4038 aut
2477 3973 2970 4055 quomodolibet

723 4083 1092 4152 molestare.
1140 4078 1323 4145 Nulli
1355 4098 1511 4163 ergo
1545 4090 1668 4143 ete.
1704 4086 1925 4145 nostre
1978 4078 2400 4162 protectionis
2453 4088 2517 4146 et
2567 4081 2975 4151 constitutio-

724 4192 828 4261 nis
859 4196 984 4259 ete.
1017 4190 1257 4256 Datum
1290 4187 1469 4274 apud
1525 4188 2101 4257 Urbem-Veterem
2152 4185 2376 4254 Idibus
2427 4188 2668 4274 Martii,
2703 4175 2973 4259 Pontifiss

727 4309 913 4372 eatus
944 4300 1152 4368 nostri
1182 4317 1355 4365 anno
1389 4306 1641 4382 quarto.
2597 4303 2601 4307 '

913 4496 1032 4572 (IV.
1057 4496 1270 4554 Miklos
1294 4492 1453 4569 pdpa
1476 4492 1857 4565 Regestaibol
1884 4492 2132 4550 Theiner
2165 4491 2240 4548 id.
2269 4512 2341 4549 m.
2366 4492 2410 4550 Ι.
2434 4494 2557 4550 Ιςὸίῑ.
2579 4493 2703 4553 375.
2726 4493 2788 4565 l.)

1654 4764 2043 4772 ———---—-——————
