3416 5313
1507 397 1636 464 227

466 587 603 657 filio
639 590 868 679 Gyurk
890 642 907 675 ‚
944 598 1007 656 et
1057 591 1266 658 altero
1318 591 1642 677 Dyonisio
1675 589 1810 657 filio
1845 592 2137 677 Tiburcij
2195 593 2279 660 de
2310 599 2625 679 Palasth,
2658 601 2725 666 in

469 686 736 784 quorum
772 702 1136 768 iuramento
1172 699 1341 767 idem
1376 698 1749 766 Demetrius
1801 699 1978 764 filius
2013 702 2322 787 Farkasij
2376 725 2495 790 pro
2537 725 2609 771 se
2661 718 2726 775 et

468 805 782 875 fratribus
816 808 951 872 suis
1005 807 1327 891 predictis
1365 807 1610 873 factum
1664 805 1986 873 dictarum
2024 809 2306 891 quinque
2341 814 2721 897 porcionum

468 922 639 982 terre
703 915 997 1000 predicte
1060 922 1298 1000 sponte
1380 915 1686 984 submisit
1756 914 2189 982 decidendum
2211 966 2230 1000 ,
2304 921 2722 1002 presentibus

470 1024 701 1110 Gyurk
735 1023 867 1089 filio
925 1022 1248 1108 Stephani
1282 1024 1363 1090 de
1403 1025 1734 1089 Zalathna
1756 1075 1776 1109 ‚
1811 1044 2002 1108 quem
2055 1025 2229 1091 idem
2279 1025 2397 1113 filij
2449 1029 2722 1097 Comitis

469 1133 673 1218 Byter
705 1131 1069 1217 adducent,
1124 1141 1187 1199 et
1239 1132 1507 1200 Andrea
1544 1130 1674 1197 filio
1710 1134 1945 1216 Arwa,
1980 1152 2173 1215 quem
2222 1132 2339 1221 filij
2388 1136 2724 1224 Farkasij‚

469 1246 533 1304 et
563 1240 676 1322 filij
714 1242 912 1308 Perse
946 1239 1282 1308 adducere
1312 1241 1742 1325 tenebuntur,
1791 1240 2163 1309 bominibus
2217 1242 2463 1310 domini
2498 1246 2721 1331 Regis,

469 1353 534 1412 et
564 1351 819 1415 duobus
871 1351 1275 1436 testimonijs
1328 1352 1609 1434 nostris,
1646 1368 1810 1435 qnos
1864 1348 2198 1417 adducent
2251 1354 2445 1419 ambe
2482 1364 2723 1437 partes,

469 1454 856 1523 feria-sexta
889 1458 1188 1542 proxima
1210 1465 1367 1544 post
1401 1466 1674 1525 octauas
1707 1459 2098 1525 Natiuitatis
2131 1460 2364 1526 Sancti
2397 1460 2724 1530 Johannis

469 1564 814 1652 Baptiste,
865 1566 1246 1633 accedendo
1300 1587 1498 1650 super
1543 1566 1778 1632 faciem
1834 1566 2122 1651 ipsarum
2155 1570 2439 1651 quinque
2474 1571 2723 1654 porcio-

468 1691 620 1738 num
654 1681 825 1739 terre
862 1673 1274 1741 contenciose
1309 1673 1390 1742 de
1426 1681 1602 1739 terra
1633 1671 1862 1757 Tema,
1897 1673 2102 1759 ijdem
2136 1674 2254 1761 filij
2282 1677 2557 1745 Comitis
2592 1680 2719 1763 By·

468 1787 565 1845 ter
598 1779 746 1863 duc,
783 1790 846 1847 et
874 1782 1001 1847 duo
1027 1780 1474 1850 coniuratores
1509 1783 1800 1866 ipsorum
1824 1785 2281 1869 prenominati,
2317 1785 2486 1851 sicut
2520 1784 2719 1850 moris

469 1894 570 1955 est
602 1889 815 1955 iurare
857 1908 1057 1973 super
1106 1898 1314 1974 terra,
1377 1888 1753 1972 recipiendo
1804 1898 2044 1955 terram
2096 1889 2179 1954 ad
2216 1912 2449 1957 manus
2500 1899 2566 1957 et
2612 1914 2725 1978 po·

466 1996 683 2063 nendo
742 2016 936 2081 super
986 2000 1210 2081 capita
1261 2017 1380 2066 sua
1397 2046 1416 2080 ,
1470 1998 1689 2063 iurare
1749 2000 2271 2084 presumpserint
2341 2018 2534 2083 super
2586 2018 2719 2067 eos

468 2105 638 2189 quod
672 2106 896 2172 eedem
941 2106 1223 2189 quinque
1277 2112 1446 2172 terre
1499 2106 1918 2173 contenciose
1952 2108 2083 2173 sint
2116 2117 2180 2174 et
2215 2108 2453 2173 fuerint
2491 2109 2575 2174 de
2610 2108 2719 2173 be·

465 2202 782 2280 reditario'
811 2215 951 2281 iure
988 2215 1343 2281 eorundem
1368 2264 1384 2296 ‚
1436 2217 1607 2281 sicut
1640 2216 1706 2280 in
1761 2214 2036 2299 prefatis
2071 2214 2311 2282 litteris
2346 2217 2557 2301 ipsius
2600 2216 2719 2283 Co-

466 2321 644 2388 mitis
680 2317 1001 2407 Stephani
1054 2322 1120 2386 id
1173 2322 1433 2405 plenius
1469 2320 1790 2388 contineri
1834 2323 2155 2406 uidimus3
2190 2323 2335 2410 ipso
2387 2322 2493 2387 die
2547 2324 2719 2390 iura-

470 2431 669 2495 menti
702 2428 1096 2496 adueniente
1129 2430 1424 2515 partibus
1477 2449 1673 2515 super
1705 2429 1879 2494 facie
1925 2430 2216 2513 ipsarum
2252 2433 2535 2514 quinque
2570 2450 2720 2515 por-

469 2539 726 2604 cionum
761 2546 931 2604 terre
966 2537 1356 2623 constitutiS,
1412 2538 1685 2602 formam
1723 2539 2077 2602 iuramenti
2114 2539 2390 2604 filiorum
2446 2537 2720 2606 Comitis

472 2648 670 2730 Byter
692 2647 1128 2730 predictorum
1153 2646 1377 2713 taliter
1398 2647 1697 2713 extitisse
1723 2646 2094 2713 ordinatum
2118 2645 2316 2734 (igy),
2352 2649 2518 2716 sicut
2538 2647 2721 2713 Beke

468 2761 533 2819 et
564 2755 995 2840 Laurencius,
1013 2756 1232 2821 clerici
1256 2757 1455 2836 chori,
1484 2755 1689 2821 nostri
1724 2751 2043 2830 homines,
2067 2775 2186 2820 nec
2209 2777 2338 2822 non
2358 2776 2475 2839 per
2495 2764 2721 2842 partes

466 2883 582 2949 pro
636 2864 1008 2930 testimonio
1060 2864 1215 2928 illuc
1268 2863 1573 2945 adducti,
1610 2869 1674 2927 et
1711 2863 2003 2928 homines
2037 2864 2284 2929 domini
2323 2865 2522 2946 Regis
2576 2883 2720 2948 pre·

466 2972 623 3038 dicti
656 2972 844 3038 nobis
877 2972 1282 3038 concorditer
1304 2975 1702 3054 retulerunt;
1737 2985 1805 3037 vt
1826 2980 2141 3038 reuocato
2176 2971 2321 3054 ipso
2355 2968 2719 3038 iuramento

462 3078 737 3144 filiorum
770 3078 1041 3146 Comitis
1072 3080 1276 3166 Byter
1298 3080 1500 3163 ijdem
1521 3079 1639 3165 filij
1679 3079 1948 3145 Comitis
1982 3082 2188 3165 Byter
2221 3086 2720 3163 assumpserunt

466 3187 720 3251 soluere
745 3207 863 3270 pro
895 3189 1317 3253 relaxacione
1338 3188 1689 3255 iuramenti
1724 3188 2017 3271 ipsorum
2042 3188 2356 3271 predictis
2380 3188 2537 3273 filijs
2559 3189 2718 3255 Far-

463 3294 664 3381 kasij‚
698 3303 761 3362 et
796 3295 947 3381 filijs
982 3298 1182 3361 Perse
1219 3317 1449 3364 nouem
1484 3317 1764 3378 marcas,
1801 3297 2038 3380 partim
2073 3296 2138 3363 in
2174 3309 2446 3377 argento
2480 3305 2544 3362 et
2574 3314 2720 3382 par-

462 3402 578 3466 tim
626 3403 693 3467 in
746 3404 1171 3470 estimacione
1206 3403 1571 3486 condigna,
1625 3400 1691 3465 in
1726 3404 1983 3468 duobus
2016 3402 2352 3486 terminis,
2406 3402 2721 3469 videlicet

465 3516 744 3594 quatuor
777 3529 1031 3575 marcas
1069 3516 1135 3576 et
1174 3510 1510 3576 dimidiam
1562 3512 1626 3574 in
1662 3508 1912 3574 octauis
1967 3511 2194 3576 Sancti
2228 3509 2465 3575 Jacobi
2485 3557 2503 3590 ,
2559 3511 2719 3577 resi-

464 3615 632 3683 duas
666 3627 887 3683 autem
922 3624 1202 3700 quatuor
1235 3637 1500 3686 marcas
1534 3628 1597 3684 et
1630 3619 1968 3684 dimidiam
2001 3618 2067 3681 in
2119 3618 2288 3683 festo
2322 3617 2552 3683 Sancti
2599 3617 2717 3682 Re·

464 3726 569 3808 gis
604 3726 1071 3811 subsequenti3
1107 3746 1237 3808 qua
1271 3728 1553 3811 pecunie
1589 3728 1956 3807 quantitate
1979 3724 2335 3810 persoluta,
2360 3724 2562 3809 inem
2599 3723 2717 3810 filij

462 3831 775 3919 Farkasij
801 3843 865 3898 et
883 3832 1001 3917 filij
1020 3834 1220 3901 Perse
1235 3845 1523 3899 nostrum
1538 3834 1956 3919 priuilegium
1973 3852 2170 3915 super
2199 3833 2716 3917 perpetuacione

462 3939 756 4022 ipsarum
790 3943 1073 4026 quinque
1127 3944 1510 4027 porcionum
1543 3950 1716 4008 terre
1750 3942 1895 4007 dari
1950 3943 2170 4008 facere
2218 3949 2596 4008 tenerentur
2653 3939 2717 4004 fi-

459 4048 570 4133 lijs
605 4048 878 4116 Comitis
914 4052 1112 4137 Byter
1166 4050 1539 4134 antedictis,
1575 4054 1743 4117 sicut
1773 4052 1845 4117 id
1894 4051 1958 4115 in
1994 4052 2224 4114 litteris
2278 4041 2525 4115 nostris
2570 4068 2717 4115 con-

464 4156 980 4240 posicionalibus
1032 4160 1359 4242 prioribus
1413 4159 1653 4226 exinde
1694 4159 2006 4226 confectis
2057 4160 2378 4225 contineri
2433 4157 2715 4223 uidimus

461 4263 832 4332 manifeste.
867 4268 1079 4351 Igitur
1124 4268 1287 4350 ipsis
1320 4287 1552 4333 nouem
1589 4268 1829 4332 marcis
1863 4269 2054 4331 modo
2090 4264 2436 4349 prehabito
2471 4266 2537 4329 in
2572 4282 2717 4348 pre-

462 4373 619 4440 fatis
655 4376 947 4441 terminis
980 4397 1099 4462 per
1138 4376 1459 4444 Comitem
1511 4375 1912 4441 Hermanum
1946 4374 2331 4458 predictum,
2368 4370 2715 4439 officialem

461 4480 736 4549 filiorum
790 4484 1061 4551 Comitis
1109 4486 1309 4569 Byter
1342 4506 1467 4572 pro
1512 4486 1762 4551 eisdem
1802 4482 2083 4549 dominis
2136 4481 2313 4565 suis,
2365 4480 2527 4562 ipsis
2561 4478 2719 4564 filijs

470 4591 786 4675 Farkasij
839 4598 904 4656 et
935 4590 1089 4675 filiis
1128 4595 1336 4660 Perse
1369 4596 1561 4678 plene
1594 4611 1819 4659 coram
1854 4591 2044 4655 nobis
2077 4588 2444 4675 persolutis,
2488 4587 2719 4651 Deme·

469 4699 632 4767 trius
665 4700 839 4767 filius
870 4701 1173 4785 Farkasij
1211 4700 1624 4787 supradictus
1657 4705 1789 4764 tam
1827 4719 1941 4782 pro
1978 4718 2066 4780 se,
2104 4718 2219 4781 pro
2242 4694 2475 4760 Moche
2512 4694 2716 4760 fratre

2260 4801 2398 4868 15*
