3416 5313
1492 380 1578 447 41

1371 470 1686 482 o———o

1475 1008 1582 1074 2¹2.

403 1208 451 1272 I
456 1208 526 1275 V.
561 1208 795 1273 Miklds
831 1212 1018 1294 papa
1065 1209 1246 1274 Iloua
1264 1259 1281 1292 ‚
1333 1232 1376 1272 a
1422 1207 1689 1272 szcrbiai
1737 1207 2051 1293 kira'lymf,
2101 1206 2400 1293 yydntato'
2442 1208 2648 1291 atyjdt

782 1316 1147 1382 rmdkim'ai
1177 1315 1584 1382 hatalommal
1613 1314 1893 1379 ruhdzza
1912 1313 2037 1399 fel.
2089 1315 2281 1379 1291.

616 1508 926 1583 Nicolaus
959 1515 1323 1601 Episcopus
1374 1533 1606 1585 seruus
1637 1532 1973 1581 seruorum
2025 1507 2152 1578 Dei
2202 1511 2545 1578 carissime
2579 1512 2643 1576 in

398 1622 659 1691 Christo
695 1621 824 1689 filie
862 1623 1069 1690 Elene
1122 1625 1374 1709 Regine
1406 1625 1632 1693 Ser-vic
1665 1625 1912 1689 Illustri
1959 1621 2236 1688 salutem
2269 1626 2334 1688 et
2363 1612 2641 1706 Aposto-

398 1732 596 1798 lieam
628 1731 1166 1800 benedictionem.
1219 1734 1481 1812 Quanto
1511 1752 1861 1819 personam
1911 1736 2090 1797 tuam
2138 1728 2370 1797 maiori
2419 1749 2642 1816 prose·

396 1841 652 1923 quimur
681 1838 1087 1923 plenitudine
1121 1840 1416 1908 caritatis
1442 1894 1459 1925 ,
1493 1846 1679 1908 tanto
1715 1839 2021 1907 libentius
2062 1837 2234 1907 votis
2272 1838 2399 1905 tuis
2434 1838 2644 1906 liben-

395 1955 499 2014 ter
529 1946 896 2033 annuimus,
932 1949 998 2014 in
1031 1946 1158 2016 hiis
1192 1949 1568 2034 potissime,
1621 1968 1750 2033 que
1783 1946 2024 2014 debent
2055 1947 2185 2015 tuis
2229 1947 2424 2014 iustis
2459 1947 2644 2013 desi-

398 2056 603 2124 deriis
637 2078 787 2127 esse
819 2064 1034 2145 grata,
1069 2064 1314 2145 tueque
1362 2060 1584 2126 anime
1615 2059 1898 2126 salntem
1930 2060 2257 2145 respicere
2303 2058 2649 2125 dinoscun-

394 2173 517 2232 tur.
552 2164 714 2232 Tuis
748 2165 950 2251 igitur
984 2166 1248 2234 devotis
1282 2166 1874 2252 supplicationibus
1894 2166 2217 2251 inclinati,
2252 2166 2642 2232 auctoritate

391 2276 514 2342 tibi
546 2276 946 2359 presentium
977 2275 1399 2359 indulgemus
1421 2325 1440 2353 ,
1475 2282 1545 2340 ut
1578 2275 1823 2342 dilecto
1857 2273 1990 2342 filio
2030 2275 2216 2342 fratri
2246 2273 2527 2341 Nicolao
2560 2273 2642 2339 de

394 2384 638 2451 Vosica
662 2434 678 2467 ,
734 2382 1002 2450 Ordinis
1036 2383 1314 2451 fratrum
1364 2383 1682 2451 Minorum
1708 2434 1726 2466 ‚
1778 2383 1887 2449 vel
1922 2384 2129 2449 cuivis
2180 2382 2295 2449 alii
2348 2384 2644 2450 discreto

394 2492 585 2559 fratri
635 2491 928 2559 eiusdem
963 2492 1234 2561 Ordinis
1281 2495 1645 2578 presbitero
1670 2542 1687 2574 ,
1723 2512 1951 2576 quem,
1988 2493 2328 2577 quotiens,
2377 2496 2638 2578 oportu-

395 2623 551 2670 uum
585 2602 816 2686 fuerit,
866 2602 932 2668 in
968 2602 1416 2672 confessorem
1465 2601 1733 2671 duxeris
1787 2601 2206 2691 eligendum,
2255 2608 2369 2669 tua
2417 2600 2638 2687 possis

394 2712 687 2780 confiteri
719 2717 1018 2797 peccata,
1040 2719 1104 2777 et
1135 2713 1222 2778 ab
1256 2733 1335 2779 eo
1361 2713 1659 2798 recipere
1708 2712 2066 2778 salutarem
2099 2711 2528 2796 penitentiam
2561 2729 2642 2775 ac

394 2822 618 2890 debite
653 2820 1089 2888 absolutionis
1142 2821 1524 2890 beneficium
1559 2821 1640 2888 de
1675 2819 2077 2903 commissis,
2132 2820 2413 2901 etiamsi,
2466 2816 2644 2900 quod

394 2931 610 3012 absit,
663 2930 826 2995 talia
861 2929 1235 3011 extiterint,
1288 2938 1554 3015 propter
1587 2950 1715 3013 que
1768 2929 1978 2996 Sedes
2028 2934 2202 2995 esset
2252 2924 2639 3013 Apostolica

394 3037 630 3104 merito
677 3036 1104 3104 consulenda.
1152 3037 1334 3104 Nulli
1365 3058 1523 3122 ergo
1575 3044 1696 3104 etc.
1732 3043 1957 3103 nostre
2011 3034 2462 3102 concessionis
2511 3037 2643 3098 etc.

389 3147 635 3213 Datum
665 3145 839 3232 apud
863 3145 1441 3215 Urbem-Veterem
1462 3144 1686 3214 Idibus
1706 3145 1945 3228 Martii,
1969 3142 2390 3211 Pontificatus
2422 3141 2635 3209 nostri

395 3278 571 3325 anno
610 3265 864 3341 quarto.

575 3433 696 3505 (IV.
726 3435 933 3493 Miklos
955 3433 1113 3509 papa
1149 3433 1529 3510 Regestaibol
1556 3433 1808 3494 Theiner
1832 3435 1911 3491 id.
1938 3453 2008 3490 m.
2036 3434 2082 3490 1.
2107 3433 2228 3488 kot.
2256 3432 2377 3488 3⁷5.
2402 3428 2464 3501 1.)
