<?xml version="1.0" encoding="UTF-8"?>
<!DOCTYPE html PUBLIC "-//W3C//DTD XHTML 1.0 Transitional//EN"
    "http://www.w3.org/TR/xhtml1/DTD/xhtml1-transitional.dtd">
<html xmlns="http://www.w3.org/1999/xhtml" xml:lang="en" lang="en">
 <head>
  <title>
</title>
<meta http-equiv="Content-Type" content="text/html;charset=utf-8" />
  <meta name='ocr-system' content='tesseract 3.04.00' />
  <meta name='ocr-capabilities' content='ocr_page ocr_carea ocr_par ocr_line ocrx_word'/>
</head>
<body>
  <div class='ocr_page' id='page_1' title='image "./rpdkorijokmnytr01wenzgoog_0222.png"; bbox 0 0 3416 5313; ppageno 0'>
   <div class='ocr_carea' id='block_1_1' title="bbox 1932 451 2057 519">
    <p class='ocr_par' dir='ltr' id='par_1_1' title="bbox 1932 451 2057 519">
     <span class='ocr_line' id='line_1_1' title="bbox 1932 451 2057 519; baseline 0.032 -4"><span class='ocrx_word' id='word_1_1' title='bbox 1932 451 2057 519; x_wconf 80' lang='lat'><strong>190</strong></span> 
     </span>
    </p>
   </div>
   <div class='ocr_carea' id='block_1_2' title="bbox 1842 548 2158 558">
    <p class='ocr_par' dir='ltr' id='par_1_2' title="bbox 1842 548 2158 558">
     <span class='ocr_line' id='line_1_2' title="bbox 1842 548 2158 558; baseline 0 4755"><span class='ocrx_word' id='word_1_2' title='bbox 1842 548 2158 558; x_wconf 95' lang='lat' dir='ltr'><strong> </strong></span> 
     </span>
    </p>
   </div>
   <div class='ocr_carea' id='block_1_3' title="bbox 879 644 3137 4876">
    <p class='ocr_par' dir='ltr' id='par_1_3' title="bbox 879 644 3137 4876">
     <span class='ocr_line' id='line_1_3' title="bbox 882 644 3124 753; baseline 0.002 -37"><span class='ocrx_word' id='word_1_3' title='bbox 882 647 1102 716; x_wconf 91' lang='lat' dir='ltr'><strong>dilecti</strong></span> <span class='ocrx_word' id='word_1_4' title='bbox 1135 644 1250 715; x_wconf 88' lang='lat' dir='ltr'><strong>filii</strong></span> <span class='ocrx_word' id='word_1_5' title='bbox 1282 651 1541 718; x_wconf 83' lang='lat' dir='ltr'><strong>Nobilis</strong></span> <span class='ocrx_word' id='word_1_6' title='bbox 1575 649 1698 715; x_wconf 88' lang='lat' dir='ltr'><strong>viri</strong></span> <span class='ocrx_word' id='word_1_7' title='bbox 1733 650 2024 733; x_wconf 81' lang='lat' dir='ltr'>Georgii,</span> <span class='ocrx_word' id='word_1_8' title='bbox 2073 650 2345 718; x_wconf 82' lang='lat' dir='ltr'><strong>Comitis</strong></span> <span class='ocrx_word' id='word_1_9' title='bbox 2379 651 2729 718; x_wconf 86' lang='lat' dir='ltr'><strong>civitatum</strong></span> <span class='ocrx_word' id='word_1_10' title='bbox 2763 653 3124 753; x_wconf 78' lang='lat' dir='ltr'><strong>Dalmaeie,</strong></span> 
     </span>
     <span class='ocr_line' id='line_1_4' title="bbox 879 738 3121 848; baseline 0.003 -27"><span class='ocrx_word' id='word_1_11' title='bbox 879 757 947 821; x_wconf 90' lang='lat' dir='ltr'><strong>in</strong></span> <span class='ocrx_word' id='word_1_12' title='bbox 981 777 1110 839; x_wconf 92' lang='lat' dir='ltr'><strong>qua</strong></span> <span class='ocrx_word' id='word_1_13' title='bbox 1140 738 1602 841; x_wconf 77' lang='lat' dir='ltr'><strong>Tiagurieiisis</strong></span> <span class='ocrx_word' id='word_1_14' title='bbox 1636 759 1890 826; x_wconf 82' lang='lat' dir='ltr'><strong>Civitas</strong></span> <span class='ocrx_word' id='word_1_15' title='bbox 1926 766 1988 822; x_wconf 92' lang='lat' dir='ltr'><strong>et</strong></span> <span class='ocrx_word' id='word_1_16' title='bbox 2022 759 2192 824; x_wconf 79' lang='lat' dir='ltr'><strong>villa</strong></span> <span class='ocrx_word' id='word_1_17' title='bbox 2229 758 2533 842; x_wconf 90' lang='lat' dir='ltr'><strong>predicta</strong></span> <span class='ocrx_word' id='word_1_18' title='bbox 2568 759 2973 848; x_wconf 83' lang='lat' dir='ltr'><strong>consistunt,</strong></span> <span class='ocrx_word' id='word_1_19' title='bbox 3010 784 3121 827; x_wconf 92' lang='lat' dir='ltr'><strong>no-</strong></span> 
     </span>
     <span class='ocr_line' id='line_1_5' title="bbox 879 865 3121 953; baseline 0.002 -24"><span class='ocrx_word' id='word_1_20' title='bbox 879 865 981 932; x_wconf 93' lang='lat' dir='ltr'><strong>bis</strong></span> <span class='ocrx_word' id='word_1_21' title='bbox 1015 885 1212 951; x_wconf 90' lang='lat' dir='ltr'><strong>super</strong></span> <span class='ocrx_word' id='word_1_22' title='bbox 1244 866 1365 934; x_wconf 92' lang='lat' dir='ltr'><strong>hoc</strong></span> <span class='ocrx_word' id='word_1_23' title='bbox 1386 866 1716 933; x_wconf 88' lang='lat' dir='ltr'><strong>humiliter</strong></span> <span class='ocrx_word' id='word_1_24' title='bbox 1740 866 2250 950; x_wconf 81' lang='lat' dir='ltr'>supplicantium</span> <span class='ocrx_word' id='word_1_25' title='bbox 2278 887 2358 933; x_wconf 89' lang='lat' dir='ltr'><strong>ac</strong></span> <span class='ocrx_word' id='word_1_26' title='bbox 2382 870 2838 953; x_wconf 81' lang='lat' dir='ltr'><strong>asserentium,</strong></span> <span class='ocrx_word' id='word_1_27' title='bbox 2874 869 3121 937; x_wconf 89' lang='lat' dir='ltr'><strong>dictam</strong></span> 
     </span>
     <span class='ocr_line' id='line_1_6' title="bbox 881 974 3123 1063; baseline 0.003 -24"><span class='ocrx_word' id='word_1_28' title='bbox 881 975 1106 1041; x_wconf 89' lang='lat' dir='ltr'><strong>villam</strong></span> <span class='ocrx_word' id='word_1_29' title='bbox 1142 975 1648 1042; x_wconf 85' lang='lat' dir='ltr'><strong>Sebenicensem</strong></span> <span class='ocrx_word' id='word_1_30' title='bbox 1683 974 1821 1041; x_wconf 89' lang='lat' dir='ltr'><strong>fore</strong></span> <span class='ocrx_word' id='word_1_31' title='bbox 1853 974 2065 1042; x_wconf 86' lang='lat' dir='ltr'><strong>locum</strong></span> <span class='ocrx_word' id='word_1_32' title='bbox 2099 975 2442 1059; x_wconf 85' lang='lat' dir='ltr'><strong>insignem,</strong></span> <span class='ocrx_word' id='word_1_33' title='bbox 2480 984 2545 1042; x_wconf 95' lang='lat' dir='ltr'><strong>et</strong></span> <span class='ocrx_word' id='word_1_34' title='bbox 2579 979 2753 1044; x_wconf 86' lang='lat' dir='ltr'><strong>alias</strong></span> <span class='ocrx_word' id='word_1_35' title='bbox 2775 979 3123 1063; x_wconf 81' lang='lat' dir='ltr'><strong>multiplici</strong></span> 
     </span>
     <span class='ocr_line' id='line_1_7' title="bbox 883 1082 3125 1175; baseline 0.002 -25"><span class='ocrx_word' id='word_1_36' title='bbox 883 1083 1341 1151; x_wconf 81' lang='lat' dir='ltr'><strong>commoditate</strong></span> <span class='ocrx_word' id='word_1_37' title='bbox 1375 1082 1687 1164; x_wconf 88' lang='lat' dir='ltr'><strong>dotatum,</strong></span> <span class='ocrx_word' id='word_1_38' title='bbox 1721 1082 1977 1150; x_wconf 87' lang='lat' dir='ltr'><strong>devotis</strong></span> <span class='ocrx_word' id='word_1_39' title='bbox 2001 1104 2290 1149; x_wconf 83' lang='lat' dir='ltr'><strong>annuere</strong></span> <span class='ocrx_word' id='word_1_40' title='bbox 2314 1085 2619 1173; x_wconf 89' lang='lat' dir='ltr'><strong>precibus</strong></span> <span class='ocrx_word' id='word_1_41' title='bbox 2654 1087 2719 1151; x_wconf 92' lang='lat' dir='ltr'><strong>in</strong></span> <span class='ocrx_word' id='word_1_42' title='bbox 2756 1088 2879 1152; x_wconf 89' lang='lat' dir='ltr'><strong>hac</strong></span> <span class='ocrx_word' id='word_1_43' title='bbox 2914 1096 3125 1175; x_wconf 85' lang='lat' dir='ltr'><strong>parte,</strong></span> 
     </span>
     <span class='ocr_line' id='line_1_8' title="bbox 879 1192 3125 1284; baseline 0.002 -26"><span class='ocrx_word' id='word_1_44' title='bbox 879 1196 1145 1278; x_wconf 83' lang='lat' dir='ltr'><strong>plenam</strong></span> <span class='ocrx_word' id='word_1_45' title='bbox 1179 1213 1434 1275; x_wconf 91' lang='lat' dir='ltr'><strong>quoque</strong></span> <span class='ocrx_word' id='word_1_46' title='bbox 1468 1199 1779 1276; x_wconf 82' lang='lat' dir='ltr'><strong>gerentes</strong></span> <span class='ocrx_word' id='word_1_47' title='bbox 1804 1192 1885 1257; x_wconf 90' lang='lat' dir='ltr'><strong>de</strong></span> <span class='ocrx_word' id='word_1_48' title='bbox 1926 1200 2147 1260; x_wconf 85' lang='lat' dir='ltr'><strong>vestra</strong></span> <span class='ocrx_word' id='word_1_49' title='bbox 2170 1195 2755 1280; x_wconf 75' lang='lat' dir='ltr'><strong>circumspectione</strong></span> <span class='ocrx_word' id='word_1_50' title='bbox 2792 1196 3125 1284; x_wconf 85' lang='lat' dir='ltr'><strong>fiduciam,</strong></span> 
     </span>
     <span class='ocr_line' id='line_1_9' title="bbox 885 1300 3122 1394; baseline 0.003 -28"><span class='ocrx_word' id='word_1_51' title='bbox 885 1300 993 1384; x_wconf 91' lang='lat' dir='ltr'><strong>qui</strong></span> <span class='ocrx_word' id='word_1_52' title='bbox 1025 1323 1221 1388; x_wconf 90' lang='lat' dir='ltr'><strong>super</strong></span> <span class='ocrx_word' id='word_1_53' title='bbox 1254 1301 1379 1368; x_wconf 91' lang='lat' dir='ltr'><strong>hiis</strong></span> <span class='ocrx_word' id='word_1_54' title='bbox 1414 1304 1715 1370; x_wconf 89' lang='lat' dir='ltr'><strong>omnibus</strong></span> <span class='ocrx_word' id='word_1_55' title='bbox 1767 1303 2016 1369; x_wconf 91' lang='lat' dir='ltr'><strong>habcrc</strong></span> <span class='ocrx_word' id='word_1_56' title='bbox 2050 1304 2352 1388; x_wconf 90' lang='lat' dir='ltr'><strong>poteritis</strong></span> <span class='ocrx_word' id='word_1_57' title='bbox 2390 1305 2701 1372; x_wconf 81' lang='lat' dir='ltr'><strong>noticiam</strong></span> <span class='ocrx_word' id='word_1_58' title='bbox 2740 1307 3122 1394; x_wconf 83' lang='lat' dir='ltr'><strong>pleniorem,</strong></span> 
     </span>
     <span class='ocr_line' id='line_1_10' title="bbox 883 1412 3127 1499; baseline 0 -18"><span class='ocrx_word' id='word_1_59' title='bbox 883 1415 1308 1494; x_wconf 86' lang='lat' dir='ltr'><strong>mandamus,</strong></span> <span class='ocrx_word' id='word_1_60' title='bbox 1363 1422 1685 1493; x_wconf 86' lang='lat' dir='ltr'><strong>quatenus</strong></span> <span class='ocrx_word' id='word_1_61' title='bbox 1740 1432 1902 1496; x_wconf 85' lang='lat' dir='ltr'><strong>vos,</strong></span> <span class='ocrx_word' id='word_1_62' title='bbox 1954 1413 2061 1477; x_wconf 86' lang='lat' dir='ltr'><strong>vel</strong></span> <span class='ocrx_word' id='word_1_63' title='bbox 2112 1412 2279 1477; x_wconf 87' lang='lat' dir='ltr'><strong>alter</strong></span> <span class='ocrx_word' id='word_1_64' title='bbox 2311 1419 2636 1495; x_wconf 86' lang='lat' dir='ltr'><strong>vestrum,</strong></span> <span class='ocrx_word' id='word_1_65' title='bbox 2692 1432 2811 1497; x_wconf 87' lang='lat' dir='ltr'><strong>per</strong></span> <span class='ocrx_word' id='word_1_66' title='bbox 2844 1436 2983 1499; x_wconf 75' lang='lat' dir='ltr'><strong>voS,</strong></span> <span class='ocrx_word' id='word_1_67' title='bbox 3021 1419 3127 1483; x_wconf 84' lang='lat' dir='ltr'><strong>vel</strong></span> 
     </span>
     <span class='ocr_line' id='line_1_11' title="bbox 885 1520 3126 1604; baseline -0 -14"><span class='ocrx_word' id='word_1_68' title='bbox 885 1525 1081 1590; x_wconf 90' lang='lat' dir='ltr'><strong>alium</strong></span> <span class='ocrx_word' id='word_1_69' title='bbox 1115 1540 1230 1588; x_wconf 88' lang='lat' dir='ltr'><strong>seu</strong></span> <span class='ocrx_word' id='word_1_70' title='bbox 1268 1523 1430 1586; x_wconf 86' lang='lat' dir='ltr'><strong>alios</strong></span> <span class='ocrx_word' id='word_1_71' title='bbox 1465 1521 1793 1604; x_wconf 86' lang='lat' dir='ltr'><strong>prefatam</strong></span> <span class='ocrx_word' id='word_1_72' title='bbox 1826 1521 2052 1586; x_wconf 90' lang='lat' dir='ltr'><strong>villam</strong></span> <span class='ocrx_word' id='word_1_73' title='bbox 2095 1520 2641 1601; x_wconf 86' lang='lat' dir='ltr'><strong>Sebenicensem,</strong></span> <span class='ocrx_word' id='word_1_74' title='bbox 2692 1529 2923 1592; x_wconf 87' lang='lat' dir='ltr'><strong>nostra</strong></span> <span class='ocrx_word' id='word_1_75' title='bbox 2975 1523 3126 1591; x_wconf 87' lang='lat' dir='ltr'><strong>freti</strong></span> 
     </span>
     <span class='ocr_line' id='line_1_12' title="bbox 885 1627 3127 1715; baseline -0.001 -16"><span class='ocrx_word' id='word_1_76' title='bbox 885 1632 1276 1699; x_wconf 90' lang='lat' dir='ltr'><strong>auctoritate</strong></span> <span class='ocrx_word' id='word_1_77' title='bbox 1298 1679 1314 1709; x_wconf 92' lang='lat'>‚</span> <span class='ocrx_word' id='word_1_78' title='bbox 1352 1627 1637 1695; x_wconf 87' lang='lat' dir='ltr'><strong>civitatis</strong></span> <span class='ocrx_word' id='word_1_79' title='bbox 1691 1628 1991 1713; x_wconf 86' lang='lat' dir='ltr'><strong>insigniis</strong></span> <span class='ocrx_word' id='word_1_80' title='bbox 2044 1629 2436 1696; x_wconf 89' lang='lat' dir='ltr'><strong>decorantes</strong></span> <span class='ocrx_word' id='word_1_81' title='bbox 2461 1683 2478 1715; x_wconf 90' lang='lat'><strong>,</strong></span> <span class='ocrx_word' id='word_1_82' title='bbox 2537 1633 2846 1695; x_wconf 89' lang='lat' dir='ltr'><strong>maiorem</strong></span> <span class='ocrx_word' id='word_1_83' title='bbox 2902 1640 2969 1698; x_wconf 88' lang='lat' dir='ltr'><strong>et</strong></span> <span class='ocrx_word' id='word_1_84' title='bbox 3022 1653 3127 1700; x_wconf 89' lang='lat' dir='ltr'><strong>so·</strong></span> 
     </span>
     <span class='ocr_line' id='line_1_13' title="bbox 883 1737 3126 1818; baseline -0.001 -10"><span class='ocrx_word' id='word_1_85' title='bbox 883 1740 1266 1808; x_wconf 87' lang='lat' dir='ltr'><strong>lemniorem</strong></span> <span class='ocrx_word' id='word_1_86' title='bbox 1298 1737 1669 1803; x_wconf 85' lang='lat' dir='ltr'><strong>Ecclesiam</strong></span> <span class='ocrx_word' id='word_1_87' title='bbox 1704 1737 1883 1803; x_wconf 87' lang='lat' dir='ltr'><strong>dicte</strong></span> <span class='ocrx_word' id='word_1_88' title='bbox 1917 1738 2078 1802; x_wconf 87' lang='lat' dir='ltr'><strong>ville</strong></span> <span class='ocrx_word' id='word_1_89' title='bbox 2100 1785 2116 1818; x_wconf 95' lang='lat'><strong>,</strong></span> <span class='ocrx_word' id='word_1_90' title='bbox 2171 1758 2317 1804; x_wconf 92' lang='lat' dir='ltr'><strong>cum</strong></span> <span class='ocrx_word' id='word_1_91' title='bbox 2350 1738 2411 1801; x_wconf 94' lang='lat' dir='ltr'><strong>ei</strong></span> <span class='ocrx_word' id='word_1_92' title='bbox 2445 1740 2803 1805; x_wconf 87' lang='lat' dir='ltr'><strong>secundum</strong></span> <span class='ocrx_word' id='word_1_93' title='bbox 2844 1744 2945 1807; x_wconf 90' lang='lat' dir='ltr'><strong>sui</strong></span> <span class='ocrx_word' id='word_1_94' title='bbox 2980 1750 3126 1808; x_wconf 87' lang='lat' dir='ltr'><strong>sta-</strong></span> 
     </span>
     <span class='ocr_line' id='line_1_14' title="bbox 883 1846 3130 1935; baseline 0 -17"><span class='ocrx_word' id='word_1_95' title='bbox 883 1860 987 1917; x_wconf 89' lang='lat' dir='ltr'><strong>tus</strong></span> <span class='ocrx_word' id='word_1_96' title='bbox 1039 1855 1105 1917; x_wconf 91' lang='lat' dir='ltr'><strong>et</strong></span> <span class='ocrx_word' id='word_1_97' title='bbox 1139 1846 1439 1914; x_wconf 88' lang='lat' dir='ltr'><strong>Ecclesie</strong></span> <span class='ocrx_word' id='word_1_98' title='bbox 1472 1846 1890 1912; x_wconf 73' lang='lat' dir='ltr'><strong>cathedralis</strong></span> <span class='ocrx_word' id='word_1_99' title='bbox 1941 1846 2307 1914; x_wconf 83' lang='lat' dir='ltr'><strong>decentiam</strong></span> <span class='ocrx_word' id='word_1_100' title='bbox 2360 1848 2555 1914; x_wconf 90' lang='lat' dir='ltr'><strong>fuerit</strong></span> <span class='ocrx_word' id='word_1_101' title='bbox 2589 1849 2672 1915; x_wconf 92' lang='lat' dir='ltr'><strong>de</strong></span> <span class='ocrx_word' id='word_1_102' title='bbox 2704 1852 2857 1917; x_wconf 91' lang='lat' dir='ltr'><strong>dote</strong></span> <span class='ocrx_word' id='word_1_103' title='bbox 2909 1853 3130 1935; x_wconf 81' lang='lat' dir='ltr'><strong>provi-</strong></span> 
     </span>
     <span class='ocr_line' id='line_1_15' title="bbox 885 1956 3128 2045; baseline 0 -19"><span class='ocrx_word' id='word_1_104' title='bbox 885 1981 1026 2026; x_wconf 90' lang='lat' dir='ltr'><strong>sum</strong></span> <span class='ocrx_word' id='word_1_105' title='bbox 1050 2010 1068 2043; x_wconf 93' lang='lat'><strong>,</strong></span> <span class='ocrx_word' id='word_1_106' title='bbox 1102 1958 1329 2024; x_wconf 87' lang='lat' dir='ltr'><strong>eadem</strong></span> <span class='ocrx_word' id='word_1_107' title='bbox 1367 1956 1761 2020; x_wconf 88' lang='lat' dir='ltr'><strong>auctoritate</strong></span> <span class='ocrx_word' id='word_1_108' title='bbox 1813 1956 1880 2021; x_wconf 91' lang='lat' dir='ltr'><strong>in</strong></span> <span class='ocrx_word' id='word_1_109' title='bbox 1914 1956 2378 2023; x_wconf 85' lang='lat' dir='ltr'><strong>Cathedralem</strong></span> <span class='ocrx_word' id='word_1_110' title='bbox 2412 1959 2783 2024; x_wconf 83' lang='lat' dir='ltr'><strong>Ecclesiam</strong></span> <span class='ocrx_word' id='word_1_111' title='bbox 2830 1961 3128 2045; x_wconf 58' lang='lat' dir='ltr'><strong>erigam,</strong></span> 
     </span>
     <span class='ocr_line' id='line_1_16' title="bbox 888 2064 3129 2157; baseline 0.001 -22"><span class='ocrx_word' id='word_1_112' title='bbox 888 2092 1011 2157; x_wconf 90' lang='lat' dir='ltr'><strong>que</strong></span> <span class='ocrx_word' id='word_1_113' title='bbox 1044 2065 1425 2152; x_wconf 86' lang='lat' dir='ltr'><strong>Spalatensi</strong></span> <span class='ocrx_word' id='word_1_114' title='bbox 1461 2064 1758 2131; x_wconf 87' lang='lat' dir='ltr'><strong>Ecclesie</strong></span> <span class='ocrx_word' id='word_1_115' title='bbox 1791 2067 1912 2130; x_wconf 92' lang='lat' dir='ltr'><strong>loci</strong></span> <span class='ocrx_word' id='word_1_116' title='bbox 1946 2067 2446 2152; x_wconf 90' lang='lat' dir='ltr'><strong>Metropolitice‚</strong></span> <span class='ocrx_word' id='word_1_117' title='bbox 2479 2074 2794 2150; x_wconf 89' lang='lat' dir='ltr'><strong>tanquam</strong></span> <span class='ocrx_word' id='word_1_118' title='bbox 2819 2070 2960 2135; x_wconf 89' lang='lat' dir='ltr'><strong>eius</strong></span> <span class='ocrx_word' id='word_1_119' title='bbox 2997 2073 3129 2138; x_wconf 86' lang='lat' dir='ltr'><strong>suf-</strong></span> 
     </span>
     <span class='ocr_line' id='line_1_17' title="bbox 884 2174 3122 2265; baseline 0.002 -20"><span class='ocrx_word' id='word_1_120' title='bbox 884 2180 1210 2263; x_wconf 85' lang='lat' dir='ltr'><strong>fraganea</strong></span> <span class='ocrx_word' id='word_1_121' title='bbox 1231 2227 1249 2260; x_wconf 94' lang='lat'><strong>,</strong></span> <span class='ocrx_word' id='word_1_122' title='bbox 1299 2175 1438 2239; x_wconf 90' lang='lat' dir='ltr'><strong>iure</strong></span> <span class='ocrx_word' id='word_1_123' title='bbox 1468 2174 1948 2257; x_wconf 89' lang='lat' dir='ltr'><strong>Metropolitico</strong></span> <span class='ocrx_word' id='word_1_124' title='bbox 1987 2178 2069 2239; x_wconf 86' lang='lat' dir='ltr'><strong>sit</strong></span> <span class='ocrx_word' id='word_1_125' title='bbox 2103 2175 2403 2241; x_wconf 84' lang='lat' dir='ltr'><strong>subiecta</strong></span> <span class='ocrx_word' id='word_1_126' title='bbox 2424 2226 2440 2259; x_wconf 90' lang='lat'><strong>,</strong></span> <span class='ocrx_word' id='word_1_127' title='bbox 2479 2195 2558 2240; x_wconf 93' lang='lat' dir='ltr'><strong>ac</strong></span> <span class='ocrx_word' id='word_1_128' title='bbox 2594 2176 2835 2243; x_wconf 91' lang='lat' dir='ltr'><strong>deinde</strong></span> <span class='ocrx_word' id='word_1_129' title='bbox 2869 2180 3122 2265; x_wconf 87' lang='lat' dir='ltr'><strong>aliqua,</strong></span> 
     </span>
     <span class='ocr_line' id='line_1_18' title="bbox 886 2284 3130 2378; baseline 0 -22"><span class='ocrx_word' id='word_1_130' title='bbox 886 2294 1080 2378; x_wconf 91' lang='lat' dir='ltr'><strong>prout</strong></span> <span class='ocrx_word' id='word_1_131' title='bbox 1112 2286 1349 2353; x_wconf 89' lang='lat' dir='ltr'><strong>decens</strong></span> <span class='ocrx_word' id='word_1_132' title='bbox 1386 2284 1694 2365; x_wconf 87' lang='lat' dir='ltr'><strong>extiterit,</strong></span> <span class='ocrx_word' id='word_1_133' title='bbox 1733 2285 2030 2351; x_wconf 83' lang='lat' dir='ltr'><strong>debonis</strong></span> <span class='ocrx_word' id='word_1_134' title='bbox 2067 2286 2361 2353; x_wconf 88' lang='lat' dir='ltr'><strong>eiusdem</strong></span> <span class='ocrx_word' id='word_1_135' title='bbox 2389 2286 2686 2352; x_wconf 89' lang='lat' dir='ltr'><strong>Ecclesie</strong></span> <span class='ocrx_word' id='word_1_136' title='bbox 2727 2288 3130 2357; x_wconf 87' lang='lat' dir='ltr'><strong>Sebenicen-</strong></span> 
     </span>
     <span class='ocr_line' id='line_1_19' title="bbox 887 2392 3130 2483; baseline -0.001 -19"><span class='ocrx_word' id='word_1_137' title='bbox 887 2399 1001 2480; x_wconf 90' lang='lat' dir='ltr'><strong>sis,</strong></span> <span class='ocrx_word' id='word_1_138' title='bbox 1035 2403 1379 2483; x_wconf 85' lang='lat' dir='ltr'><strong>postquam</strong></span> <span class='ocrx_word' id='word_1_139' title='bbox 1413 2393 1642 2459; x_wconf 86' lang='lat' dir='ltr'><strong>dotata</strong></span> <span class='ocrx_word' id='word_1_140' title='bbox 1673 2401 1741 2459; x_wconf 87' lang='lat' dir='ltr'><strong>et</strong></span> <span class='ocrx_word' id='word_1_141' title='bbox 1772 2395 1835 2458; x_wconf 91' lang='lat' dir='ltr'><strong>in</strong></span> <span class='ocrx_word' id='word_1_142' title='bbox 1872 2392 2342 2461; x_wconf 83' lang='lat' dir='ltr'><strong>Catbedralem</strong></span> <span class='ocrx_word' id='word_1_143' title='bbox 2383 2393 2579 2461; x_wconf 88' lang='lat' dir='ltr'><strong>fuerit</strong></span> <span class='ocrx_word' id='word_1_144' title='bbox 2612 2395 2709 2459; x_wconf 90' lang='lat' dir='ltr'><strong>sic</strong></span> <span class='ocrx_word' id='word_1_145' title='bbox 2743 2405 2967 2463; x_wconf 91' lang='lat' dir='ltr'><strong>erecta</strong></span> <span class='ocrx_word' id='word_1_146' title='bbox 2990 2449 3009 2481; x_wconf 90' lang='lat'><strong>,</strong></span> <span class='ocrx_word' id='word_1_147' title='bbox 3063 2400 3130 2465; x_wconf 90' lang='lat' dir='ltr'><strong>in</strong></span> 
     </span>
     <span class='ocr_line' id='line_1_20' title="bbox 884 2485 3128 2590; baseline -0.001 -18"><span class='ocrx_word' id='word_1_148' title='bbox 884 2524 1040 2572; x_wconf 82' lang='lat' dir='ltr'><strong>usus</strong></span> <span class='ocrx_word' id='word_1_149' title='bbox 1089 2500 1511 2589; x_wconf 87' lang='lat' dir='ltr'><strong>Episcopalis</strong></span> <span class='ocrx_word' id='word_1_150' title='bbox 1564 2485 1788 2564; x_wconf 86' lang='lat' dir='ltr'><strong>mense</strong></span> <span class='ocrx_word' id='word_1_151' title='bbox 1820 2500 2176 2584; x_wconf 86' lang='lat' dir='ltr'><strong>Episcopi,</strong></span> <span class='ocrx_word' id='word_1_152' title='bbox 2229 2502 2338 2582; x_wconf 86' lang='lat' dir='ltr'><strong>qui</strong></span> <span class='ocrx_word' id='word_1_153' title='bbox 2390 2521 2509 2584; x_wconf 89' lang='lat' dir='ltr'><strong>pro</strong></span> <span class='ocrx_word' id='word_1_154' title='bbox 2560 2510 2855 2587; x_wconf 88' lang='lat' dir='ltr'><strong>tempore</strong></span> <span class='ocrx_word' id='word_1_155' title='bbox 2907 2505 3128 2590; x_wconf 87' lang='lat' dir='ltr'><strong>fuerit,</strong></span> 
     </span>
     <span class='ocr_line' id='line_1_21' title="bbox 890 2609 3135 2701; baseline -0 -17"><span class='ocrx_word' id='word_1_156' title='bbox 890 2616 1099 2701; x_wconf 90' lang='lat' dir='ltr'><strong>ipsius</strong></span> <span class='ocrx_word' id='word_1_157' title='bbox 1135 2609 1595 2678; x_wconf 86' lang='lat' dir='ltr'><strong>Sebenicensis</strong></span> <span class='ocrx_word' id='word_1_158' title='bbox 1631 2609 1931 2677; x_wconf 82' lang='lat' dir='ltr'><strong>Ecclesie</strong></span> <span class='ocrx_word' id='word_1_159' title='bbox 1964 2611 2328 2694; x_wconf 88' lang='lat' dir='ltr'><strong>deputetis,</strong></span> <span class='ocrx_word' id='word_1_160' title='bbox 2367 2609 2578 2678; x_wconf 91' lang='lat' dir='ltr'><strong>eidem</strong></span> <span class='ocrx_word' id='word_1_161' title='bbox 2613 2611 2880 2697; x_wconf 88' lang='lat' dir='ltr'><strong>insuper</strong></span> <span class='ocrx_word' id='word_1_162' title='bbox 2908 2614 3135 2683; x_wconf 87' lang='lat' dir='ltr'><strong>Eccle-</strong></span> 
     </span>
     <span class='ocr_line' id='line_1_22' title="bbox 889 2719 3123 2808; baseline -0.001 -16"><span class='ocrx_word' id='word_1_163' title='bbox 889 2727 987 2792; x_wconf 91' lang='lat' dir='ltr'><strong>sie</strong></span> <span class='ocrx_word' id='word_1_164' title='bbox 1018 2720 1446 2791; x_wconf 86' lang='lat' dir='ltr'><strong>Sebenicensi</strong></span> <span class='ocrx_word' id='word_1_165' title='bbox 1479 2719 1812 2804; x_wconf 87' lang='lat' dir='ltr'><strong>propriam</strong></span> <span class='ocrx_word' id='word_1_166' title='bbox 1837 2769 1853 2802; x_wconf 91' lang='lat'><strong>,</strong></span> <span class='ocrx_word' id='word_1_167' title='bbox 1889 2720 2030 2784; x_wconf 91' lang='lat' dir='ltr'><strong>sine</strong></span> <span class='ocrx_word' id='word_1_168' title='bbox 2064 2719 2337 2787; x_wconf 89' lang='lat' dir='ltr'><strong>alicuius</strong></span> <span class='ocrx_word' id='word_1_169' title='bbox 2371 2720 2732 2804; x_wconf 86' lang='lat' dir='ltr'><strong>preiudicio</strong></span> <span class='ocrx_word' id='word_1_170' title='bbox 2753 2772 2770 2801; x_wconf 86' lang='lat'><strong>,</strong></span> <span class='ocrx_word' id='word_1_171' title='bbox 2824 2724 3123 2808; x_wconf 84' lang='lat' dir='ltr'><strong>assigne-</strong></span> 
     </span>
     <span class='ocr_line' id='line_1_23' title="bbox 888 2828 3132 2916; baseline -0.001 -18"><span class='ocrx_word' id='word_1_172' title='bbox 888 2835 975 2900; x_wconf 87' lang='lat' dir='ltr'><strong>tis</strong></span> <span class='ocrx_word' id='word_1_173' title='bbox 1007 2828 1332 2899; x_wconf 86' lang='lat' dir='ltr'><strong>Diocesim</strong></span> <span class='ocrx_word' id='word_1_174' title='bbox 1353 2880 1370 2913; x_wconf 92' lang='lat'><em>‚</em></span> <span class='ocrx_word' id='word_1_175' title='bbox 1426 2830 1620 2893; x_wconf 88' lang='lat' dir='ltr'><strong>certis</strong></span> <span class='ocrx_word' id='word_1_176' title='bbox 1672 2837 1867 2912; x_wconf 91' lang='lat' dir='ltr'><strong>prout</strong></span> <span class='ocrx_word' id='word_1_177' title='bbox 1897 2829 2305 2912; x_wconf 85' lang='lat' dir='ltr'><strong>expediverit</strong></span> <span class='ocrx_word' id='word_1_178' title='bbox 2337 2829 2576 2895; x_wconf 89' lang='lat' dir='ltr'><strong>finibus</strong></span> <span class='ocrx_word' id='word_1_179' title='bbox 2626 2830 3019 2916; x_wconf 82' lang='lat' dir='ltr'><strong>limitatam3</strong></span> <span class='ocrx_word' id='word_1_180' title='bbox 3055 2851 3132 2900; x_wconf 91' lang='lat' dir='ltr'><strong>ac</strong></span> 
     </span>
     <span class='ocr_line' id='line_1_24' title="bbox 888 2936 3132 3022; baseline -0.002 -12"><span class='ocrx_word' id='word_1_181' title='bbox 888 2938 1343 3010; x_wconf 87' lang='lat' dir='ltr'><strong>nichilominus</strong></span> <span class='ocrx_word' id='word_1_182' title='bbox 1378 2936 1590 3001; x_wconf 92' lang='lat' dir='ltr'><strong>eidem</strong></span> <span class='ocrx_word' id='word_1_183' title='bbox 1627 2936 1926 3003; x_wconf 84' lang='lat' dir='ltr'><strong>Ecclesie</strong></span> <span class='ocrx_word' id='word_1_184' title='bbox 1963 2936 2390 3005; x_wconf 82' lang='lat' dir='ltr'><strong>Sebenicensi</strong></span> <span class='ocrx_word' id='word_1_185' title='bbox 2440 2937 2562 3002; x_wconf 89' lang='lat' dir='ltr'><strong>hac</strong></span> <span class='ocrx_word' id='word_1_186' title='bbox 2596 2938 2741 3003; x_wconf 89' lang='lat' dir='ltr'><strong>vice</strong></span> <span class='ocrx_word' id='word_1_187' title='bbox 2776 2958 3132 3022; x_wconf 88' lang='lat' dir='ltr'><strong>personam</strong></span> 
     </span>
     <span class='ocr_line' id='line_1_25' title="bbox 889 3045 3129 3133; baseline -0.003 -12"><span class='ocrx_word' id='word_1_188' title='bbox 889 3054 1218 3131; x_wconf 90' lang='lat' dir='ltr'><strong>idoneam,</strong></span> <span class='ocrx_word' id='word_1_189' title='bbox 1252 3067 1379 3133; x_wconf 88' lang='lat' dir='ltr'><strong>que</strong></span> <span class='ocrx_word' id='word_1_190' title='bbox 1410 3052 1595 3114; x_wconf 90' lang='lat' dir='ltr'><strong>tanto</strong></span> <span class='ocrx_word' id='word_1_191' title='bbox 1630 3053 1945 3130; x_wconf 85' lang='lat' dir='ltr'><strong>congruat</strong></span> <span class='ocrx_word' id='word_1_192' title='bbox 1978 3045 2157 3111; x_wconf 92' lang='lat' dir='ltr'><strong>oneri</strong></span> <span class='ocrx_word' id='word_1_193' title='bbox 2193 3053 2254 3112; x_wconf 93' lang='lat' dir='ltr'><strong>et</strong></span> <span class='ocrx_word' id='word_1_194' title='bbox 2306 3046 2537 3112; x_wconf 89' lang='lat' dir='ltr'><strong>honori</strong></span> <span class='ocrx_word' id='word_1_195' title='bbox 2563 3095 2580 3127; x_wconf 90' lang='lat'><strong>,</strong></span> <span class='ocrx_word' id='word_1_196' title='bbox 2613 3047 2967 3131; x_wconf 88' lang='lat' dir='ltr'><strong>preficiatis</strong></span> <span class='ocrx_word' id='word_1_197' title='bbox 3017 3070 3129 3117; x_wconf 91' lang='lat' dir='ltr'><strong>au·</strong></span> 
     </span>
     <span class='ocr_line' id='line_1_26' title="bbox 891 3156 3132 3244; baseline -0.001 -19"><span class='ocrx_word' id='word_1_198' title='bbox 891 3161 1195 3229; x_wconf 86' lang='lat' dir='ltr'><strong>ctoritate</strong></span> <span class='ocrx_word' id='word_1_199' title='bbox 1244 3157 1548 3244; x_wconf 90' lang='lat' dir='ltr'><strong>predicta</strong></span> <span class='ocrx_word' id='word_1_200' title='bbox 1582 3159 1644 3220; x_wconf 89' lang='lat' dir='ltr'><strong>in</strong></span> <span class='ocrx_word' id='word_1_201' title='bbox 1680 3156 2084 3241; x_wconf 90' lang='lat' dir='ltr'><strong>Episcopum</strong></span> <span class='ocrx_word' id='word_1_202' title='bbox 2141 3163 2204 3220; x_wconf 89' lang='lat' dir='ltr'><strong>et</strong></span> <span class='ocrx_word' id='word_1_203' title='bbox 2238 3161 2571 3239; x_wconf 88' lang='lat' dir='ltr'><strong>pastorem</strong></span> <span class='ocrx_word' id='word_1_204' title='bbox 2592 3204 2609 3237; x_wconf 90' lang='lat'><strong>,</strong></span> <span class='ocrx_word' id='word_1_205' title='bbox 2653 3175 2874 3223; x_wconf 88' lang='lat' dir='ltr'><strong>curam</strong></span> <span class='ocrx_word' id='word_1_206' title='bbox 2909 3165 2976 3223; x_wconf 92' lang='lat' dir='ltr'><strong>et</strong></span> <span class='ocrx_word' id='word_1_207' title='bbox 3006 3159 3132 3223; x_wconf 90' lang='lat' dir='ltr'><strong>ad-</strong></span> 
     </span>
     <span class='ocr_line' id='line_1_27' title="bbox 885 3263 3133 3348; baseline -0.003 -12"><span class='ocrx_word' id='word_1_208' title='bbox 885 3268 1430 3336; x_wconf 89' lang='lat' dir='ltr'><strong>ministrationem</strong></span> <span class='ocrx_word' id='word_1_209' title='bbox 1466 3265 1761 3331; x_wconf 90' lang='lat' dir='ltr'><strong>eiusdem</strong></span> <span class='ocrx_word' id='word_1_210' title='bbox 1797 3265 2096 3331; x_wconf 86' lang='lat' dir='ltr'><strong>Ecclesie</strong></span> <span class='ocrx_word' id='word_1_211' title='bbox 2130 3263 2561 3330; x_wconf 86' lang='lat' dir='ltr'><strong>Sebenicensi</strong></span> <span class='ocrx_word' id='word_1_212' title='bbox 2597 3265 2656 3329; x_wconf 89' lang='lat' dir='ltr'><strong>ei</strong></span> <span class='ocrx_word' id='word_1_213' title='bbox 2699 3265 3133 3348; x_wconf 85' lang='lat' dir='ltr'><strong>spiritualiter</strong></span> 
     </span>
     <span class='ocr_line' id='line_1_28' title="bbox 892 3371 3133 3463; baseline -0.003 -18"><span class='ocrx_word' id='word_1_214' title='bbox 892 3386 957 3445; x_wconf 90' lang='lat' dir='ltr'><strong>et</strong></span> <span class='ocrx_word' id='word_1_215' title='bbox 985 3376 1431 3463; x_wconf 87' lang='lat' dir='ltr'><strong>temporaliter</strong></span> <span class='ocrx_word' id='word_1_216' title='bbox 1464 3371 1948 3458; x_wconf 87' lang='lat' dir='ltr'><strong>committendo,</strong></span> <span class='ocrx_word' id='word_1_217' title='bbox 1984 3393 2064 3439; x_wconf 91' lang='lat' dir='ltr'><strong>ac</strong></span> <span class='ocrx_word' id='word_1_218' title='bbox 2099 3391 2215 3456; x_wconf 92' lang='lat' dir='ltr'><strong>per</strong></span> <span class='ocrx_word' id='word_1_219' title='bbox 2248 3377 2333 3455; x_wconf 87' lang='lat' dir='ltr'><strong>te,</strong></span> <span class='ocrx_word' id='word_1_220' title='bbox 2369 3372 2576 3438; x_wconf 83' lang='lat' dir='ltr'><strong>frater</strong></span> <span class='ocrx_word' id='word_1_221' title='bbox 2596 3371 3133 3459; x_wconf 87' lang='lat' dir='ltr'><strong>Archiepiscope,</strong></span> 
     </span>
     <span class='ocr_line' id='line_1_29' title="bbox 888 3481 3129 3566; baseline -0.001 -13"><span class='ocrx_word' id='word_1_222' title='bbox 888 3486 1161 3553; x_wconf 87' lang='lat' dir='ltr'><strong>adscitis</strong></span> <span class='ocrx_word' id='word_1_223' title='bbox 1193 3484 1315 3551; x_wconf 89' lang='lat' dir='ltr'><strong>tibi</strong></span> <span class='ocrx_word' id='word_1_224' title='bbox 1348 3483 1605 3550; x_wconf 91' lang='lat' dir='ltr'><strong>duobus</strong></span> <span class='ocrx_word' id='word_1_225' title='bbox 1664 3484 1772 3548; x_wconf 89' lang='lat' dir='ltr'><strong>vel</strong></span> <span class='ocrx_word' id='word_1_226' title='bbox 1806 3483 2009 3547; x_wconf 87' lang='lat' dir='ltr'><strong>tribus</strong></span> <span class='ocrx_word' id='word_1_227' title='bbox 2046 3482 2396 3566; x_wconf 87' lang='lat' dir='ltr'><strong>Episcopis</strong></span> <span class='ocrx_word' id='word_1_228' title='bbox 2429 3481 2713 3566; x_wconf 84' lang='lat' dir='ltr'><strong>gratiam</strong></span> <span class='ocrx_word' id='word_1_229' title='bbox 2748 3490 2812 3548; x_wconf 90' lang='lat' dir='ltr'><strong>et</strong></span> <span class='ocrx_word' id='word_1_230' title='bbox 2845 3503 3129 3550; x_wconf 90' lang='lat' dir='ltr'><strong>commu·</strong></span> 
     </span>
     <span class='ocr_line' id='line_1_30' title="bbox 889 3588 3133 3678; baseline -0.001 -18"><span class='ocrx_word' id='word_1_231' title='bbox 889 3599 1144 3664; x_wconf 92' lang='lat' dir='ltr'><strong>nionem</strong></span> <span class='ocrx_word' id='word_1_232' title='bbox 1176 3592 1557 3678; x_wconf 86' lang='lat' dir='ltr'><strong>Apostolice</strong></span> <span class='ocrx_word' id='word_1_233' title='bbox 1590 3591 1781 3657; x_wconf 86' lang='lat' dir='ltr'><strong>Sedis</strong></span> <span class='ocrx_word' id='word_1_234' title='bbox 1803 3590 2218 3668; x_wconf 73' lang='lat' dir='ltr'><strong>habentibuS,</strong></span> <span class='ocrx_word' id='word_1_235' title='bbox 2254 3588 2463 3656; x_wconf 92' lang='lat' dir='ltr'><strong>eidem</strong></span> <span class='ocrx_word' id='word_1_236' title='bbox 2486 3609 2750 3656; x_wconf 89' lang='lat' dir='ltr'><strong>munere</strong></span> <span class='ocrx_word' id='word_1_237' title='bbox 2784 3610 3133 3659; x_wconf 88' lang='lat' dir='ltr'><strong>consecra·</strong></span> 
     </span>
     <span class='ocr_line' id='line_1_31' title="bbox 891 3698 3137 3787; baseline -0.002 -17"><span class='ocrx_word' id='word_1_238' title='bbox 891 3705 1087 3771; x_wconf 89' lang='lat' dir='ltr'><strong>tionis</strong></span> <span class='ocrx_word' id='word_1_239' title='bbox 1118 3704 1416 3787; x_wconf 90' lang='lat' dir='ltr'><strong>impenso</strong></span> <span class='ocrx_word' id='word_1_240' title='bbox 1439 3752 1456 3785; x_wconf 89' lang='lat'>‚</span> <span class='ocrx_word' id='word_1_241' title='bbox 1506 3701 1773 3769; x_wconf 86' lang='lat' dir='ltr'><strong>faciatis</strong></span> <span class='ocrx_word' id='word_1_242' title='bbox 1809 3701 1933 3767; x_wconf 90' lang='lat' dir='ltr'><strong>sibi</strong></span> <span class='ocrx_word' id='word_1_243' title='bbox 1970 3702 2055 3766; x_wconf 89' lang='lat' dir='ltr'><strong>ab</strong></span> <span class='ocrx_word' id='word_1_244' title='bbox 2091 3698 2231 3765; x_wconf 91' lang='lat' dir='ltr'><strong>eius</strong></span> <span class='ocrx_word' id='word_1_245' title='bbox 2265 3699 2551 3767; x_wconf 91' lang='lat' dir='ltr'><strong>subditis</strong></span> <span class='ocrx_word' id='word_1_246' title='bbox 2592 3700 3035 3766; x_wconf 83' lang='lat' dir='ltr'><strong>obedientiam</strong></span> <span class='ocrx_word' id='word_1_247' title='bbox 3071 3708 3137 3766; x_wconf 89' lang='lat' dir='ltr'><strong>et</strong></span> 
     </span>
     <span class='ocr_line' id='line_1_32' title="bbox 891 3808 3134 3896; baseline -0 -18"><span class='ocrx_word' id='word_1_248' title='bbox 891 3811 1325 3880; x_wconf 87' lang='lat' dir='ltr'><strong>reverentiam</strong></span> <span class='ocrx_word' id='word_1_249' title='bbox 1361 3809 1651 3878; x_wconf 87' lang='lat' dir='ltr'><strong>debitam</strong></span> <span class='ocrx_word' id='word_1_250' title='bbox 1686 3810 2024 3893; x_wconf 80' lang='lat' dir='ltr'><strong>exhiberi3</strong></span> <span class='ocrx_word' id='word_1_251' title='bbox 2073 3810 2168 3875; x_wconf 91' lang='lat' dir='ltr'><strong>ita</strong></span> <span class='ocrx_word' id='word_1_252' title='bbox 2197 3816 2437 3890; x_wconf 86' lang='lat' dir='ltr'><strong>tamen,</strong></span> <span class='ocrx_word' id='word_1_253' title='bbox 2490 3808 2665 3892; x_wconf 91' lang='lat' dir='ltr'><strong>quod</strong></span> <span class='ocrx_word' id='word_1_254' title='bbox 2700 3829 2817 3896; x_wconf 89' lang='lat' dir='ltr'><strong>per</strong></span> <span class='ocrx_word' id='word_1_255' title='bbox 2849 3810 2973 3877; x_wconf 86' lang='lat' dir='ltr'><strong>hec</strong></span> <span class='ocrx_word' id='word_1_256' title='bbox 3009 3810 3134 3877; x_wconf 84' lang='lat' dir='ltr'><strong>Ga-</strong></span> 
     </span>
     <span class='ocr_line' id='line_1_33' title="bbox 893 3917 3136 4009; baseline -0.001 -21"><span class='ocrx_word' id='word_1_257' title='bbox 893 3922 1099 4009; x_wconf 89' lang='lat' dir='ltr'><strong>pitulo</strong></span> <span class='ocrx_word' id='word_1_258' title='bbox 1131 3919 1424 3986; x_wconf 91' lang='lat' dir='ltr'><strong>eiusdem</strong></span> <span class='ocrx_word' id='word_1_259' title='bbox 1461 3920 1756 3985; x_wconf 87' lang='lat' dir='ltr'><strong>Ecclesie</strong></span> <span class='ocrx_word' id='word_1_260' title='bbox 1799 3918 2257 3986; x_wconf 83' lang='lat' dir='ltr'><strong>Sebenicensis</strong></span> <span class='ocrx_word' id='word_1_261' title='bbox 2279 3970 2297 4003; x_wconf 93' lang='lat'><strong>,</strong></span> <span class='ocrx_word' id='word_1_262' title='bbox 2351 3917 2437 3983; x_wconf 90' lang='lat' dir='ltr'><strong>ad</strong></span> <span class='ocrx_word' id='word_1_263' title='bbox 2470 3938 2634 4001; x_wconf 91' lang='lat' dir='ltr'><strong>quos</strong></span> <span class='ocrx_word' id='word_1_264' title='bbox 2689 3919 2925 3986; x_wconf 91' lang='lat' dir='ltr'><strong>electio</strong></span> <span class='ocrx_word' id='word_1_265' title='bbox 2980 3919 3136 4003; x_wconf 89' lang='lat' dir='ltr'><strong>Epi·</strong></span> 
     </span>
     <span class='ocr_line' id='line_1_34' title="bbox 892 4026 3135 4114; baseline -0.002 -18"><span class='ocrx_word' id='word_1_266' title='bbox 892 4029 1081 4114; x_wconf 90' lang='lat' dir='ltr'><strong>scopi</strong></span> <span class='ocrx_word' id='word_1_267' title='bbox 1112 4028 1570 4096; x_wconf 83' lang='lat' dir='ltr'><strong>Sebenicensis</strong></span> <span class='ocrx_word' id='word_1_268' title='bbox 1618 4026 1859 4093; x_wconf 87' lang='lat' dir='ltr'><strong>futuris</strong></span> <span class='ocrx_word' id='word_1_269' title='bbox 1909 4027 2350 4112; x_wconf 77' lang='lat' dir='ltr'><strong>temporibuS,</strong></span> <span class='ocrx_word' id='word_1_270' title='bbox 2407 4045 2551 4093; x_wconf 89' lang='lat' dir='ltr'><strong>cum</strong></span> <span class='ocrx_word' id='word_1_271' title='bbox 2585 4026 2938 4109; x_wconf 85' lang='lat' dir='ltr'><strong>contigerit</strong></span> <span class='ocrx_word' id='word_1_272' title='bbox 2981 4047 3135 4094; x_wconf 90' lang='lat' dir='ltr'><strong>eam</strong></span> 
     </span>
     <span class='ocr_line' id='line_1_35' title="bbox 891 4134 3137 4224; baseline -0.003 -17"><span class='ocrx_word' id='word_1_273' title='bbox 891 4158 1172 4220; x_wconf 85' lang='lat' dir='ltr'><strong>vacare,</strong></span> <span class='ocrx_word' id='word_1_274' title='bbox 1225 4137 1588 4224; x_wconf 86' lang='lat' dir='ltr'><strong>pertineat,</strong></span> <span class='ocrx_word' id='word_1_275' title='bbox 1642 4141 1704 4199; x_wconf 94' lang='lat' dir='ltr'><strong>et</strong></span> <span class='ocrx_word' id='word_1_276' title='bbox 1739 4135 2114 4222; x_wconf 87' lang='lat' dir='ltr'><strong>Spalatensi</strong></span> <span class='ocrx_word' id='word_1_277' title='bbox 2147 4134 2445 4201; x_wconf 83' lang='lat' dir='ltr'><strong>Ecclesie</strong></span> <span class='ocrx_word' id='word_1_278' title='bbox 2476 4138 2541 4202; x_wconf 88' lang='lat' dir='ltr'><strong>in</strong></span> <span class='ocrx_word' id='word_1_279' title='bbox 2585 4136 2723 4202; x_wconf 90' lang='lat' dir='ltr'><strong>iure</strong></span> <span class='ocrx_word' id='word_1_280' title='bbox 2751 4137 3137 4222; x_wconf 87' lang='lat' dir='ltr'><strong>Metropoli-</strong></span> 
     </span>
     <span class='ocr_line' id='line_1_36' title="bbox 894 4244 3136 4331; baseline -0.001 -17"><span class='ocrx_word' id='word_1_281' title='bbox 894 4249 1022 4316; x_wconf 88' lang='lat' dir='ltr'><strong>tico</strong></span> <span class='ocrx_word' id='word_1_282' title='bbox 1055 4249 1301 4313; x_wconf 88' lang='lat' dir='ltr'><strong>nullum</strong></span> <span class='ocrx_word' id='word_1_283' title='bbox 1332 4246 1758 4330; x_wconf 84' lang='lat' dir='ltr'><strong>imposterum</strong></span> <span class='ocrx_word' id='word_1_284' title='bbox 1793 4244 2221 4331; x_wconf 90' lang='lat' dir='ltr'><strong>preiudicium</strong></span> <span class='ocrx_word' id='word_1_285' title='bbox 2256 4251 2622 4327; x_wconf 84' lang='lat' dir='ltr'><strong>generetur.</strong></span> <span class='ocrx_word' id='word_1_286' title='bbox 2679 4245 3136 4312; x_wconf 72' lang='lat' dir='ltr'><strong>contradicto·</strong></span> 
     </span>
     <span class='ocr_line' id='line_1_37' title="bbox 894 4349 3135 4437; baseline -0.003 -14"><span class='ocrx_word' id='word_1_287' title='bbox 894 4377 1001 4425; x_wconf 88' lang='lat' dir='ltr'><strong>res</strong></span> <span class='ocrx_word' id='word_1_288' title='bbox 1034 4362 1155 4422; x_wconf 89' lang='lat' dir='ltr'><strong>etc.</strong></span> <span class='ocrx_word' id='word_1_289' title='bbox 1188 4357 1332 4420; x_wconf 91' lang='lat' dir='ltr'><strong>Non</strong></span> <span class='ocrx_word' id='word_1_290' title='bbox 1367 4353 1711 4433; x_wconf 89' lang='lat' dir='ltr'><strong>obstante,</strong></span> <span class='ocrx_word' id='word_1_291' title='bbox 1769 4352 1828 4420; x_wconf 91' lang='lat' dir='ltr'><strong>si</strong></span> <span class='ocrx_word' id='word_1_292' title='bbox 1860 4352 2189 4436; x_wconf 86' lang='lat' dir='ltr'><strong>aliquibus</strong></span> <span class='ocrx_word' id='word_1_293' title='bbox 2224 4373 2266 4419; x_wconf 89' lang='lat' dir='ltr'><strong>a</strong></span> <span class='ocrx_word' id='word_1_294' title='bbox 2297 4349 2466 4420; x_wconf 82' lang='lat' dir='ltr'><strong>Sede</strong></span> <span class='ocrx_word' id='word_1_295' title='bbox 2499 4352 2888 4437; x_wconf 74' lang='lat' dir='ltr'><strong>Apostolicav</strong></span> <span class='ocrx_word' id='word_1_296' title='bbox 2924 4351 3014 4418; x_wconf 88' lang='lat' dir='ltr'><strong>sit</strong></span> <span class='ocrx_word' id='word_1_297' title='bbox 3045 4353 3135 4416; x_wconf 87' lang='lat' dir='ltr'><strong>in·</strong></span> 
     </span>
     <span class='ocr_line' id='line_1_38' title="bbox 894 4461 3135 4549; baseline -0.003 -15"><span class='ocrx_word' id='word_1_298' title='bbox 894 4468 1166 4545; x_wconf 89' lang='lat' dir='ltr'><strong>dultum,</strong></span> <span class='ocrx_word' id='word_1_299' title='bbox 1203 4462 1375 4546; x_wconf 88' lang='lat' dir='ltr'><strong>quod</strong></span> <span class='ocrx_word' id='word_1_300' title='bbox 1408 4461 1735 4543; x_wconf 86' lang='lat' dir='ltr'><strong>interdici,</strong></span> <span class='ocrx_word' id='word_1_301' title='bbox 1769 4462 2085 4549; x_wconf 85' lang='lat' dir='ltr'><strong>suspendi</strong></span> <span class='ocrx_word' id='word_1_302' title='bbox 2105 4463 2210 4530; x_wconf 85' lang='lat' dir='ltr'><strong>vel</strong></span> <span class='ocrx_word' id='word_1_303' title='bbox 2239 4463 2790 4530; x_wconf 85' lang='lat' dir='ltr'><strong>excommunicari</strong></span> <span class='ocrx_word' id='word_1_304' title='bbox 2821 4484 2952 4530; x_wconf 90' lang='lat' dir='ltr'><strong>non</strong></span> <span class='ocrx_word' id='word_1_305' title='bbox 2982 4482 3135 4549; x_wconf 91' lang='lat' dir='ltr'><strong>pos-</strong></span> 
     </span>
     <span class='ocr_line' id='line_1_39' title="bbox 895 4572 3135 4659; baseline -0.003 -18"><span class='ocrx_word' id='word_1_306' title='bbox 895 4577 1025 4641; x_wconf 87' lang='lat' dir='ltr'><strong>sint</strong></span> <span class='ocrx_word' id='word_1_307' title='bbox 1058 4593 1173 4659; x_wconf 89' lang='lat' dir='ltr'><strong>per</strong></span> <span class='ocrx_word' id='word_1_308' title='bbox 1205 4573 1458 4640; x_wconf 86' lang='lat' dir='ltr'><strong>litteras</strong></span> <span class='ocrx_word' id='word_1_309' title='bbox 1497 4582 1619 4638; x_wconf 90' lang='lat' dir='ltr'><strong>etc.</strong></span> <span class='ocrx_word' id='word_1_310' title='bbox 1672 4573 1781 4640; x_wconf 85' lang='lat' dir='ltr'><strong>Sic</strong></span> <span class='ocrx_word' id='word_1_311' title='bbox 1813 4593 1969 4657; x_wconf 86' lang='lat' dir='ltr'><strong>ergo</strong></span> <span class='ocrx_word' id='word_1_312' title='bbox 2002 4573 2072 4638; x_wconf 91' lang='lat' dir='ltr'><strong>in</strong></span> <span class='ocrx_word' id='word_1_313' title='bbox 2105 4572 2441 4657; x_wconf 88' lang='lat' dir='ltr'><strong>premissis</strong></span> <span class='ocrx_word' id='word_1_314' title='bbox 2491 4573 2850 4657; x_wconf 87' lang='lat' dir='ltr'><strong>prudenter</strong></span> <span class='ocrx_word' id='word_1_315' title='bbox 2884 4592 2966 4639; x_wconf 91' lang='lat' dir='ltr'><strong>ac</strong></span> <span class='ocrx_word' id='word_1_316' title='bbox 3001 4574 3135 4638; x_wconf 91' lang='lat' dir='ltr'><strong>lau-</strong></span> 
     </span>
     <span class='ocr_line' id='line_1_40' title="bbox 896 4680 3133 4768; baseline -0.003 -15"><span class='ocrx_word' id='word_1_317' title='bbox 896 4684 1204 4753; x_wconf 90' lang='lat' dir='ltr'><strong>dabiliter</strong></span> <span class='ocrx_word' id='word_1_318' title='bbox 1236 4702 1356 4749; x_wconf 89' lang='lat' dir='ltr'><strong>vos</strong></span> <span class='ocrx_word' id='word_1_319' title='bbox 1405 4701 1629 4767; x_wconf 86' lang='lat' dir='ltr'><strong>gerere</strong></span> <span class='ocrx_word' id='word_1_320' title='bbox 1663 4682 1984 4750; x_wconf 89' lang='lat' dir='ltr'><strong>studeatis</strong></span> <span class='ocrx_word' id='word_1_321' title='bbox 2005 4732 2022 4760; x_wconf 88' lang='lat'><strong>,</strong></span> <span class='ocrx_word' id='word_1_322' title='bbox 2080 4681 2256 4765; x_wconf 91' lang='lat' dir='ltr'><strong>quod</strong></span> <span class='ocrx_word' id='word_1_323' title='bbox 2287 4681 2561 4765; x_wconf 89' lang='lat' dir='ltr'><strong>proinde</strong></span> <span class='ocrx_word' id='word_1_324' title='bbox 2594 4703 2633 4746; x_wconf 92' lang='lat' dir='ltr'><strong>a</strong></span> <span class='ocrx_word' id='word_1_325' title='bbox 2670 4680 2950 4748; x_wconf 90' lang='lat' dir='ltr'><strong>Domino</strong></span> <span class='ocrx_word' id='word_1_326' title='bbox 2992 4701 3133 4768; x_wconf 90' lang='lat' dir='ltr'><strong>pre-</strong></span> 
     </span>
     <span class='ocr_line' id='line_1_41' title="bbox 898 4788 3128 4876; baseline -0.004 -17"><span class='ocrx_word' id='word_1_327' title='bbox 898 4794 1129 4874; x_wconf 88' lang='lat' dir='ltr'><strong>mium,</strong></span> <span class='ocrx_word' id='word_1_328' title='bbox 1184 4797 1249 4855; x_wconf 93' lang='lat' dir='ltr'><strong>et</strong></span> <span class='ocrx_word' id='word_1_329' title='bbox 1280 4812 1320 4856; x_wconf 90' lang='lat' dir='ltr'><strong>a</strong></span> <span class='ocrx_word' id='word_1_330' title='bbox 1351 4792 1540 4858; x_wconf 88' lang='lat' dir='ltr'><strong>nobis</strong></span> <span class='ocrx_word' id='word_1_331' title='bbox 1595 4790 2007 4857; x_wconf 89' lang='lat' dir='ltr'><strong>commendat</strong></span> <span class='ocrx_word' id='word_1_332' title='bbox 2122 4793 2177 4856; x_wconf 85' lang='lat' dir='ltr'><strong>is</strong></span> <span class='ocrx_word' id='word_1_333' title='bbox 2228 4791 2485 4856; x_wconf 89' lang='lat' dir='ltr'><strong>titulum</strong></span> <span class='ocrx_word' id='word_1_334' title='bbox 2539 4789 2804 4876; x_wconf 87' lang='lat' dir='ltr'><strong>possitis</strong></span> <span class='ocrx_word' id='word_1_335' title='bbox 2858 4810 2988 4856; x_wconf 90' lang='lat' dir='ltr'><strong>non</strong></span> <span class='ocrx_word' id='word_1_336' title='bbox 3019 4788 3128 4852; x_wconf 91' lang='lat' dir='ltr'><strong>im-</strong></span> 
     </span>
    </p>
   </div>
  </div>
 </body>
</html>
