3416 5313
1446 317 1662 417 21¹fl-

1344 408 1408 415 ——s

374 512 712 595 goniensis
745 512 1069 600 Ecclesia}
1105 533 1230 598 que
1250 534 1367 584 sue
1400 535 1574 584 nunc
1607 515 1950 585 viduitatis
1973 518 2266 606 dampna
2303 519 2628 607 deplorat,

373 622 881 705 gubernatorem
914 621 1163 691 habeat
1194 631 1262 692 et
1285 631 1626 709 rectorem,
1657 644 1778 711 per
1808 644 1997 709 quem
2032 625 2162 693 sibi
2196 626 2629 713 spiritualiter

372 736 441 795 et
471 729 924 815 temporaliter
952 729 1373 816 provideatur
1404 734 1778 815 salubriter,
1816 753 1896 801 ac
1926 735 2232 819 Regnum
2284 735 2500 822 ipsum
2532 736 2629 804 di-

374 834 630 921 rigatur
661 835 729 903 in
752 837 984 905 melius
1008 845 1076 905 et
1112 838 1182 905 in
1217 839 1348 908 fide
1382 859 1462 907 ac
1495 842 1851 911 devotione
1883 841 2065 912 sedis
2099 848 2457 912 memorate
2492 861 2628 910 ser·

367 949 576 1012 vetur.
603 945 940 1032 Adeoque,
960 953 1030 1013 ut
1049 947 1257 1016 babet
1288 946 1627 1034 fidedigna
1646 950 1907 1037 relatio,
1940 957 2031 1037 tu,
2066 952 2179 1037 qui
2209 951 2275 1020 in
2305 950 2622 1022 Albensis

376 1052 673 1120 Ecclesie
705 1053 1218 1140 Vesprimiensis
1251 1055 1555 1127 Diocesis
1590 1059 2003 1146 Prepositum
2022 1059 2253 1147 primo,
2288 1065 2356 1126 et
2399 1059 2622 1129 subse-

370 1171 641 1246 quenter
667 1161 732 1228 in
764 1162 1353 1252 Archiepiscopum
1393 1165 1915 1254 Strigoniensem
1952 1169 2203 1235 electus
2236 1165 2441 1253 fuisti,
2476 1168 2618 1237 ido-

369 1288 529 1336 neus
559 1271 912 1358 reputaris,
943 1276 1169 1359 utpote
1187 1274 1291 1342 vir
1311 1273 1594 1343 scientia
1621 1277 1947 1362 preditus,
1974 1277 2241 1363 generis
2274 1277 2622 1347 nobilitate

367 1379 704 1466 preclarus
726 1430 744 1464 ,
793 1385 1035 1466 potens
1085 1382 1151 1448 in
1204 1384 1717 1469 consanguineis
1751 1389 1817 1451 et
1850 1385 2104 1469 amicis,
2139 1392 2208 1452 et
2237 1385 2305 1451 in
2339 1386 2625 1471 agendis

368 1495 700 1574 expertus,
734 1488 846 1573 qui
877 1486 1124 1558 Divina
1160 1491 1280 1559 tibi
1313 1492 1552 1577 gratia,
1585 1499 1943 1579 nostroque
1973 1492 2267 1582 presidio
2300 1494 2617 1561 assisten-

368 1596 566 1683 tibus,
599 1606 792 1682 prout
838 1597 1121 1666 creditur
1170 1607 1237 1667 et
1260 1607 1587 1687 speratur,
1623 1601 1992 1670 Ecclesiam
2027 1600 2242 1687 ipsam
2288 1599 2623 1688 Strigoni-

367 1725 594 1775 ensem
628 1703 982 1774 defendere
1016 1709 1285 1794 poteris,
1319 1716 1384 1777 et
1416 1709 1589 1777 alias
1619 1731 1753 1780 non
1788 1711 1995 1779 solum
2030 1710 2172 1795 eius
2206 1710 2616 1796 Strigonien-

366 1815 480 1896 sis,
513 1820 579 1881 et
607 1814 885 1883 aliarum
921 1813 1381 1902 Ecclesiamm,
1414 1816 1532 1888 sed
1565 1817 1766 1885 totius
1797 1820 2006 1906 Regni
2038 1817 2229 1886 utilia
2260 1815 2620 1890 efficaciter

366 1941 775 2010 promovere.
812 1919 1007 1992 Unde
1037 1924 1484 2006 attendentes,
1519 1923 1693 2010 quod
1725 1923 1783 1993 si
1813 1923 2186 1994 huiusmodi
2218 1927 2616 1996 electionum

365 2034 637 2102 fratrum
668 2032 753 2100 de
783 2038 872 2120 te,
917 2031 1151 2117 quibus
1202 2032 1412 2118 aliqui
1444 2053 1518 2101 se
1551 2035 1941 2120 opposuisse
1974 2042 2358 2117 noscuntur,
2393 2055 2619 2123 prose-

367 2142 540 2208 cutio
572 2147 860 2211 curreret
891 2159 1012 2210 suo
1051 2147 1264 2210 marte
1295 2158 1378 2209 ac
1408 2142 1748 2210 ordinario
1781 2143 1979 2211 modo
2014 2144 2424 2230 procederet,
2465 2162 2618 2229 pos·

362 2256 465 2319 set
494 2249 741 2320 diutius
787 2250 1144 2337 perdurare
1192 2270 1339 2319 cum
1386 2250 1681 2337 ipsarum
1708 2252 2159 2320 Ecclesiamm
2193 2253 2497 2338 dampno,
2530 2270 2612 2320 ac

365 2362 561 2427 etiam
594 2360 760 2428 dicti
790 2359 1026 2445 Regni,
1047 2366 1314 2447 propter
1349 2366 1698 2449 urgentem
1729 2360 2217 2443 necessitatem,
2250 2367 2317 2427 et
2348 2360 2616 2430 eviden-

361 2476 495 2536 tem
524 2468 876 2537 utilitatem
908 2469 1221 2556 ipsorum,
1274 2468 1803 2556 prosecutionem
1835 2470 2115 2539 eandem
2149 2468 2453 2547 duximus
2511 2489 2617 2539 su·

363 2575 810 2660 spendendam
841 2579 1093 2662 absque
1143 2576 1506 2663 preiudicio
1544 2580 1830 2664 partium
1868 2595 2079 2663 usque
2112 2578 2203 2646 ad
2235 2578 2615 2666 beneplaci-

360 2695 500 2755 tum
531 2688 708 2755 dicte
739 2685 974 2772 Sedis3
1006 2686 1102 2753 ita
1133 2684 1309 2771 quod
1325 2706 1444 2771 per
1475 2687 1977 2774 suspensionem
2007 2686 2382 2756 huiusmodi
2412 2687 2618 2757 nichil

359 2803 701 2865 accrescat
746 2794 1049 2882 partibus
1098 2795 1210 2861 vel
1242 2792 1588 2863 decrescat
1620 2820 1637 2862 z
1690 2795 1949 2864 interim
2001 2803 2242 2880 autem,
2274 2814 2360 2861 ne
2411 2813 2614 2881 super

360 2904 552 2973 dictis
584 2904 1014 2974 electionibus
1062 2903 1521 2989 prosecutione
1565 2923 1933 2990 suspensa,
1967 2908 2098 2971 tam
2135 2902 2614 2990 strigoniensis

358 3032 556 3097 quam
586 3012 896 3082 Albensis
926 3010 1235 3080 Ecclesie
1284 3011 1663 3097 supradicte
1697 3011 2140 3098 gubernatore
2171 3010 2471 3097 legitimo
2505 3027 2612 3078 ca·

355 3126 564 3205 reant,
595 3128 664 3188 te
698 3139 779 3186 ex
830 3116 1044 3188 officio
1078 3123 1302 3186 nostro
1336 3125 1403 3184 et
1433 3118 1823 3204 Apostolice
1873 3115 2288 3204 plenitudine
2322 3123 2612 3201 potesta-

352 3229 464 3314 tis,
497 3228 562 3295 in
596 3225 1048 3314 spiritualibus
1080 3232 1145 3293 et
1195 3225 1667 3311 temporalibus
1698 3227 2205 3296 Procuratorem
2237 3224 2417 3295 dicte
2448 3227 2610 3296 Stri-

355 3336 696 3423 goniensis
722 3336 1023 3405 Ecclesie
1042 3353 1249 3419 usque
1281 3331 1368 3402 ad
1399 3334 1577 3403 dicte
1610 3332 1804 3402 Sedis
1838 3334 2328 3422 beneplacitum
2350 3333 2609 3403 ordina-

354 3464 522 3531 mus,
553 3446 677 3512 tibi
726 3443 1363 3513 administrationem
1384 3447 1516 3510 tam
1541 3442 1704 3529 eius,
1729 3461 1927 3528 quam
1948 3441 2125 3510 dicte
2143 3442 2456 3511 Albensis
2486 3446 2608 3512 Ee-

353 3554 703 3623 clesiarum
741 3551 1119 3640 generalem
1142 3560 1208 3622 et
1235 3552 1516 3619 liberam
1549 3551 1617 3618 in
1648 3551 2105 3637 spiritualibus
2139 3558 2206 3622 et
2235 3551 2611 3638 temporali-

351 3667 477 3732 bus
501 3662 1004 3746 committentes,
1038 3682 1160 3729 nec
1181 3680 1313 3729 non
1349 3659 1789 3730 concedentes
1822 3660 2304 3746 auctoritatem,
2338 3666 2607 3727 contra-

350 3771 639 3841 dictores
673 3776 740 3840 et
756 3772 1036 3841 rebelles
1069 3790 1190 3856 per
1208 3789 1550 3838 censuram
1585 3769 2138 3852 ecclesiasticam,
2172 3766 2606 3853 spiritualiter

347 3882 501 3950 liter
519 3887 586 3949 et
602 3881 1070 3969 temporaliter,
1095 3880 1548 3968 appellatione
1567 3878 1962 3966 postposita,
1985 3875 2475 3965 compescendi;
2509 3875 2606 3942 ita

348 3999 591 4077 tamen,
603 3988 774 4076 quod
797 3990 1082 4060 debonis
1100 3987 1541 4058 immobilibus
1562 3988 1921 4057 earundem
1936 3983 2384 4055 Ecclesiamm
2401 3983 2608 4053 nichil

347 4099 610 4185 penitus
632 4100 899 4176 alienes,
931 4119 1057 4167 nec
1089 4098 1286 4166 etiam
1310 4094 1394 4165 de
1415 4096 1822 4183 paramentis
1843 4100 1909 4161 et
1939 4094 2148 4180 libris,
2182 4102 2299 4161 aut
2319 4091 2474 4162 aliis
2505 4110 2605 4159 re-

348 4208 472 4278 bus
504 4229 621 4276 seu
641 4209 832 4278 bonis
864 4207 1216 4278 mobilibus
1236 4208 1379 4277 Deo
1412 4207 1651 4275 dicatis
1674 4223 1794 4273 seu
1816 4204 2079 4274 Diuinis
2097 4203 2330 4272 usibus
2353 4203 2604 4288 deputa

348 4319 477 4405 tis3
511 4326 576 4386 et
607 4318 664 4389 si
698 4338 892 4386 secus
915 4317 1177 4405 feceris,
1210 4314 1374 4384 illud
1396 4315 1805 4384 decernimus
1827 4314 2077 4382 irritum
2113 4320 2178 4380 et
2203 4311 2438 4397 inane;
2469 4330 2603 4379 non

346 4427 762 4495 obstantibus
796 4426 1362 4515 appellationibus
1394 4443 1436 4490 a
1457 4422 1802 4507 quibusvis
1824 4421 2125 4508 personis
2149 4438 2599 4504 quorumcum-

347 4556 471 4620 que
502 4543 805 4605 tenorum
827 4554 911 4603 ex
941 4535 1462 4620 quibuscumque
1493 4531 1712 4599 causis
1747 4537 1978 4600 contra
2008 4532 2301 4616 ipsarum
2335 4526 2601 4596 electio-

346 4667 504 4716 num
536 4646 851 4730 formam‚
905 4646 1008 4714 vel
1046 4651 1225 4713 tuam
1257 4649 1373 4712 aut
1421 4641 1811 4728 eligentium
1845 4647 1911 4709 te
1942 4658 2264 4725 personas
2318 4633 2599 4720 emissis,

2140 4745 2279 4813 14*
