3416 5313
1450 474 1584 544 215

1421 1133 1582 1200 uz.

363 1332 464 1398 ΑΖ
494 1331 734 1419 erdelyi
762 1333 1075 1418 kdptalan
1106 1331 1509 1418 bizonysdyot
1539 1340 1666 1397 beoz
1684 1382 1702 1416 ‚
1755 1334 1913 1419 hoqy
1947 1334 2197 1420 Mykud
2234 1335 2359 1401 ban
2388 1335 2622 1404 Jobao-

907 1440 1069 1508 cellae
1098 1442 1259 1506 nevil
1286 1439 1593 1527 helyseqet
1624 1441 1859 1507 eladta.
1895 1444 2089 1511 1299.

580 1636 1011 1725 (Capitulum)
1048 1637 1242 1706 Beati
1289 1637 1637 1707 Michaelis
1687 1637 2096 1726 Archangeli
2132 1640 2612 1711 Transsiiuane

362 1747 669 1818 omnibus
704 1746 949 1815 Christi
1001 1745 1314 1814 fidelibus
1366 1754 1752 1833 presentem
1786 1782 1872 1794 —
1905 1783 1991 1796 —
2024 1750 2306 1819 salutem
2358 1749 2427 1817 in
2462 1770 2621 1820 uero

363 1858 717 1925 saluatore.
768 1854 876 1923 Ad
928 1855 1372 1924 vniuersorum
1424 1854 1742 1922 noticiam
1777 1862 1914 1924 tam
1965 1858 2380 1944 presencium
2417 1894 2503 1908 -
2533 1893 2621 1910 --

363 1963 537 2032 serie
569 1962 870 2030 uolumus
903 1964 1251 2048 peruenire
1283 1962 1670 2048 litterarum,
1704 1964 1878 2047 quod
1900 1963 2245 2034 Johannes
2284 1963 2456 2033 filius
2487 1965 2620 2035 Da-

361 2073 471 2138 uid
504 2077 572 2138 et
600 2075 717 2158 My
749 2109 838 2121 —-
863 2108 943 2118 --
976 2070 1066 2139 ad
1097 2076 1395 2140 nostram
1434 2071 1835 2142 aecedentes
1873 2071 2326 2160 presenciam,
2356 2071 2618 2145 litteras

359 2176 591 2248 Mikud
610 2180 784 2247 Bani·
810 2179 932 2247 viri
963 2179 1205 2247 nobilis
1237 2213 1326 2227 —
1351 2217 1437 2228 —-
1472 2188 1665 2248 erunt
1692 2180 1883 2249 nobis
1915 2181 1984 2247 in
2016 2182 2144 2250 hee
2174 2184 2388 2252 uerba
2418 2204 2434 2249 ε

574 2287 753 2356 Viris
789 2288 1094 2357 discretis
1129 2289 1256 2355 stb.
1290 2292 1657 2366 (kiivetkezik
1687 2296 1908 2370 Mykud
1939 2295 2170 2354 bannak
2221 2298 2341 2354 129
2354 2298 2482 2355 '1-ki
2518 2299 2618 2355 ok·

360 2403 584 2479 manya,
617 2405 759 2460 mint
787 2403 1023 2461 fentebb
1061 2405 1210 2460 118.
1245 2423 1324 2461 sz.
1357 2402 1434 2476 a.)

574 2507 890 2573 Petentes
922 2509 988 2569 et
1018 2508 1351 2587 rogantes,
1386 2508 1458 2570 vt
1489 2501 1790 2588 prefatas
1812 2502 2073 2573 litteras
2095 2508 2320 2573 nostro
2350 2505 2619 2593 priuile-

359 2612 471 2697 gio
503 2610 919 2699 dignaremur
968 2610 1369 2681 confirmare.
1418 2609 1606 2679 Vnde
1639 2612 1798 2694 quia
1846 2612 2041 2681 iustis
2098 2614 2469 2700 peteneium
2504 2614 2617 2683 de·

359 2721 631 2808 siderijs
662 2738 1008 2808 sumopere
1042 2726 1336 2787 tenemur
1369 2738 1735 2805 occurrere,
1783 2729 1850 2788 et
1881 2722 2039 2806 quia
2072 2721 2283 2788 eeiam
2316 2724 2613 2809 ipsorum

353 2830 717 2917 peticiones
750 2827 1312 2899 considerauimus
1348 2829 1489 2897 fore
1520 2827 1757 2911 iustas,
1792 2827 2110 2898 honestas
2152 2836 2351 2914 atque
2385 2830 2615 2900 admit-

355 2937 600 3008 tendas
622 2988 640 3023 ,
677 2938 894 3009 dietas
927 2937 1187 3006 litteras
1219 2955 1349 3005 non
1382 2939 1832 3025 cancellatas,
1874 2957 2005 3003 non
2037 2938 2339 3024 vioiatas,
2379 2959 2515 3007 non
2547 2941 2614 3007 in

354 3048 581 3132 aliqua
613 3046 716 3115 sui
750 3055 942 3133 parte
992 3044 1402 3130 defuscatas,
1435 3053 1661 3114 nostro
1694 3045 2048 3134 priuilegio
2099 3046 2392 3134 presenti
2427 3048 2616 3116 duxi-

353 3175 500 3224 mus
531 3153 919 3223 oonfirmari.
953 3156 1201 3225 Datum
1233 3160 1428 3223 sexta
1459 3154 1630 3222 feria
1661 3153 1967 3239 proxima
1998 3160 2156 3223 ante
2191 3154 2609 3224 Dominieam

351 3268 594 3335 Letare
613 3285 633 3355 ‘,
684 3287 859 3335 anno
893 3264 1161 3334 Domini
1191 3264 1311 3332 M0.
1346 3260 1484 3333 00⁰
1533 3266 1968 3350 nonagesimo
2021 3284 2216 3334 nono.
2267 3266 2609 3354 Stephano

349 3374 700 3463 Preposito
719 3428 738 3464 ,
773 3372 1101 3461 Gregorio
1136 3376 1464 3458 cantore,
1497 3374 1706 3443 Paulo
1739 3372 2066 3459 Custode,
2121 3376 2433 3446 Johanne
2464 3375 2610 3443 De·

351 3504 523 3552 cano
546 3482 848 3554 Ecclesie
896 3489 1122 3552 nostre
1150 3480 1607 3552 existentibus.

785 3696 1068 3769 <Teutam
1093 3695 1159 3756 es
1182 3668 1508 3756 rimabor
1530 3696 1609 3755 id.
1636 3715 1710 3754 m.
1750 3698 1792 3756 1.
1818 3698 1940 3755 ket.
1965 3698 2090 3760 208.
2115 3696 2178 3769 1.)

1217 4037 1745 4062 Μ
