3416 5313
1381 409 1509 477 145

322 610 526 693 Petri,
561 615 627 676 et
645 607 983 675 Lotarium
1003 607 1204 674 filium
1238 606 1490 674 Thome
1511 625 1595 672 ex
1626 608 1858 692 altera,
1880 626 2076 694 super
2094 614 2271 677 terra
2302 609 2575 697 Bekasy

326 723 568 786 uocata
587 717 672 782 lis
707 721 773 783 et
803 715 1144 784 contencio
1178 715 1409 783 fuisset
1441 713 1768 804 excitata3
1802 717 2068 784 tandem
2103 737 2221 802 per
2239 716 2580 784 arbitrium

325 826 600 896 Comitis
632 825 970 909 Farkasij,
995 825 1267 895 Comitis
1300 823 1644 892 Michaelis
1683 824 2222 912 wduornicorum,
2248 825 2451 895 Ohem
2485 860 2568 874 —

337 973 412 983 —
447 972 538 984 —
572 935 732 1006 dicti
761 937 828 1000 in
861 935 1060 1002 talem
1099 937 1285 1023 pacis
1336 943 1401 1001 et
1436 935 1693 1001 vnionis
1730 936 2141 1003 concordiam
2178 937 2484 1004 dixerunt
2504 955 2578 1004 se

324 1044 765 1131 personaliter
796 1043 1133 1112 constituti
1163 1042 1553 1111 deuenisse:
1590 1043 1765 1129 quod
1815 1042 2179 1112 secundum
2232 1045 2578 1112 arbitrium

325 1153 649 1221 dictorum
681 1151 990 1218 bonorum
1014 1153 1299 1219 virorum
1334 1151 1513 1218 dicta
1545 1157 1722 1219 terra
1755 1153 2045 1239 Bekasy,
2074 1174 2264 1237 quam
2297 1152 2580 1236 quedam

327 1261 517 1345 palus
570 1258 969 1328 Gemchetov
1018 1264 1251 1325 uocata
1296 1256 1579 1339 vndique
1617 1257 1866 1340 circuit,
1915 1258 1980 1325 in
2022 1261 2126 1327 ius
2160 1266 2227 1326 et
2256 1262 2581 1346 perpetui·

327 1375 532 1434 tatem
584 1388 731 1434 cum
788 1366 1085 1432 omnibus
1135 1366 1528 1434 utilitatibus
1580 1367 1718 1432 suis
1771 1373 1838 1433 et
1877 1368 2328 1453 pertinenciJs‚
2386 1367 2579 1436 dictis

327 1477 598 1553 Thome,
631 1474 896 1546 Lot-ario
929 1479 995 1540 et
1023 1474 1313 1541 Johanni
1346 1474 1673 1541 extitisset
1708 1474 2040 1560 deuoluta,
2088 1478 2274 1544 cuius
2307 1476 2577 1561 paludis

329 1586 591 1671 equalis
643 1605 800 1671 pars
832 1589 1168 1672 spectaret
1208 1590 1272 1648 et
1306 1583 1662 1669 pertineret
1693 1581 1781 1649 ad
1833 1584 2247 1671 supradictos
2296 1588 2580 1672 populos

328 1694 620 1780 Regales
670 1692 752 1760 de
803 1700 1080 1778 quatuor
1128 1691 1300 1758 villis
1353 1691 1573 1760 Luche
1626 1693 1928 1776 superius
1986 1694 2340 1762 nominatis
2363 1745 2381 1777 ,
2442 1694 2579 1762 alia

331 1823 486 1870 uero
522 1803 772 1887 equalis
804 1821 961 1886 pars
1014 1807 1349 1888 spectaret
1383 1807 1448 1868 et
1481 1800 1842 1887 pertineret
1873 1802 2141 1890 Thome,
2177 1803 2469 1871 Johanni
2520 1810 2584 1868 et

330 1914 597 1980 Lotario
629 1911 1037 1997 prenotatis;
1071 1909 1223 1976 item
1256 1907 1338 1973 de
1373 1906 1662 1974 secunda
1682 1908 1924 1992 palude
1956 1909 2198 1978 Kallov
2222 1910 2579 1996 nominata,

335 2043 419 2088 ex
451 2041 585 2108 qua
616 2021 793 2106 prior
842 2021 1033 2106 palus
1091 2017 1383 2086 Gemche
1414 2024 1572 2104 exyt
1604 2024 1671 2083 et
1707 2017 2060 2103 egreditur,
2114 2019 2421 2101 Thomas,
2469 2022 2580 2087 Jo-

333 2129 589 2196 hannes
641 2135 707 2196 et
757 2126 1059 2195 Lotarius
1110 2124 1355 2190 nullam
1406 2131 1660 2209 partem
1692 2125 2000 2211 habeant,
2033 2128 2153 2193 sed
2203 2127 2463 2194 omnino
2497 2126 2584 2194 ad

334 2238 615 2325 populos
666 2239 990 2304 dictarum
1040 2240 1318 2319 quatuor
1369 2233 1664 2300 villarum
1697 2235 2031 2320 pertineat
2065 2242 2259 2318 atque
2307 2241 2583 2321 spectet,

335 2367 459 2414 nec
509 2347 682 2414 idem
736 2346 1063 2422 Thomas,
1116 2342 1458 2410 Johannes
1492 2350 1558 2410 et
1609 2341 1916 2412 Lotarius
1950 2342 2032 2412 de
2064 2343 2308 2429 palude
2343 2345 2584 2415 Kallov

335 2461 573 2525 uocata
605 2462 856 2541 partem
890 2454 1252 2537 aliqualem
1283 2452 1411 2517 sihi
1466 2459 1530 2520 et
1582 2453 1722 2519 suis
1754 2456 2039 2538 posteris
2094 2454 2353 2539 possint
2405 2473 2583 2524 vsur-

337 2564 870 2655 pare3xsimiliter
901 2571 968 2630 et
997 2562 1221 2648 populi
1245 2561 1532 2643 Regales
1570 2562 1660 2628 ad
1694 2565 2071 2646 porcionem
2104 2562 2394 2648 ipsorum
2429 2584 2586 2633 suas

337 2693 572 2743 manus
604 2692 730 2738 non
764 2669 1119 2738 extendere
1166 2673 1444 2754 possunt
1478 2669 1582 2734 vel
1618 2670 1950 2753 ualebunt‚
1985 2670 2108 2738 sed
2139 2672 2583 2757 unusquisque

336 2803 524 2851 suam
558 2788 855 2867 partem,
907 2779 1210 2845 iniuriam
1243 2779 1420 2864 parti
1453 2780 1644 2845 alteri
1696 2781 1928 2847 nonin
1980 2779 2263 2862 ferendo,
2313 2780 2586 2866 pacifice

338 2891 705 2982 possidebit
738 2896 803 2955 et
833 2888 1088 2975 quiete;
1139 2907 1259 2954 nec
1309 2887 1479 2953 inter
1511 2886 1691 2973 ipsos
1727 2887 1875 2954 rixa
1904 2888 2010 2954 vel
2062 2889 2406 2954 contencio
2443 2909 2585 2973 pro—

340 3020 532 3073 cessu
564 3009 919 3082 temporum
952 2997 1217 3065 racione
1271 2994 1515 3081 prioris
1550 2996 1782 3061 iniurie
1833 2994 2202 3062 monebitur
2253 2997 2585 3080 aliqualis.

340 3114 553 3196 Super
587 3108 774 3175 cuius
805 3108 1108 3174 firmitate
1157 3107 1251 3172 rei
1285 3112 1483 3190 atque
1534 3107 1733 3173 robur
1765 3112 1993 3189 partes
2026 3104 2198 3172 inter
2230 3125 2301 3169 se
2332 3105 2586 3173 litteras

340 3219 631 3305 Capituli
650 3215 1072 3284 Posoniensis
1099 3214 1348 3282 facient
1371 3216 1684 3281 emanari;
1718 3215 1958 3281 Datum
1980 3215 2048 3281 in
2070 3211 2418 3283 Dominica
2439 3234 2585 3300 pro·

339 3328 518 3395 xima
552 3335 702 3413 post
733 3331 1002 3393 octavas
1037 3324 1231 3390 Beati
1281 3324 1520 3392 Jacobi
1552 3324 1895 3410 Apostoli,
1945 3343 2118 3389 anno
2152 3324 2417 3390 Domini
2448 3325 2584 3390 mil-

339 3436 572 3503 lesimo
603 3434 1052 3502 ducentesimo
1103 3432 1529 3516 nonagesimo
1563 3431 1813 3515 quinto.

342 3630 596 3703 (fflrtya
646 3648 683 3685 a
724 3634 895 3687 viiriis
940 3630 1072 3685 ztild
1130 3629 1437 3699 selyemriil
1484 3627 1724 3702 leffiggb'
1767 3626 1966 3699 pecset
2011 3626 2142 3699 meg
2203 3626 2450 3701 egeszen
2497 3626 2586 3699 ep.

341 3719 922 3793 Pozsonykaptalani
963 3719 1239 3791 orszagos
1279 3718 1543 3776 leveltar.
1583 3718 1780 3793 Capsa
1819 3718 1975 3777 XIV.
2021 3719 2189 3812 Fasc.
2228 3725 2278 3774 2.
2323 3719 2459 3776 Nro.
2497 3720 2586 3774 23.

1358 3813 1584 3881 Knauz.)

1216 4104 1708 4115 .-..-—..-.--.—-.—-—

463 4887 659 4930 nomm
682 4886 839 4928 nuuc.
870 4886 1003 4928 msr.
1024 4902 1079 4912 -
1097 4885 1229 4925 nm.
1251 4881 1317 4925 10.
2316 4866 2400 4931 10
