3416 5313
1793 364 1927 431 222

739 558 1041 629 Ecclesie
1070 560 1264 626 Beati
1295 559 1561 629 Martini
1609 564 1680 629 in
1714 565 1946 627 eadem
1978 559 2269 629 Ilmeuch
2322 564 2697 628 constructe
2744 556 2998 624 disten-

737 665 913 734 ditur
944 685 1155 752 usque
1185 665 1273 733 ad
1303 670 1483 737 latus
1536 669 1713 736 curie
1745 667 2033 755 Philippi
2073 666 2157 735 de
2209 667 2445 734 eadem
2476 664 2769 733 Ilmeuch
2791 717 2811 752 ,
2865 659 2995 750 (et)

738 779 1009 862 separat
1041 781 1300 859 partem
1332 776 1491 843 dicti
1522 775 1772 844 domini
1803 775 2133 861 Prepositi
2164 775 2250 844 ab
2273 772 2603 859 aquilone,
2636 780 2702 840 et
2732 770 2992 857 porcio-

738 901 888 948 nem
924 882 1251 951 Herbordi
1282 907 1324 951 a
1375 884 1692 972 meridie;
1726 883 1966 953 deinde
2002 904 2143 950 cum
2179 903 2296 987 per
2348 881 2624 950 eandem
2670 882 2995 949 directam

738 990 918 1057 viam
950 991 1224 1059 deberet
1253 990 1466 1060 veniri
1515 992 1596 1059 ad
1628 1000 1884 1077 portum
1935 988 2310 1060 arundineti
2345 1012 2465 1077 per
2499 1008 2710 1072 aquas
2742 989 2995 1054 Ferteu

737 1095 1035 1166 distincti
1068 1098 1152 1165 de
1180 1099 1414 1167 eadem
1465 1100 1629 1166 villa
1659 1099 1996 1180 Ilmeuch,
2048 1122 2091 1169 a
2119 1103 2310 1187 parte
2352 1097 2594 1165 Ferteu
2627 1095 2756 1162 due
2807 1115 2997 1161 man·

738 1204 958 1274 siones
1007 1213 1347 1276 cesserunt
1376 1206 1726 1296 Proposito
1777 1227 1936 1305 sepe
1987 1206 2161 1277 dicto
2194 1205 2281 1274 ab
2314 1203 2664 1290 aquilone,
2713 1203 2995 1271 terciam

744 1321 964 1380 autem
1029 1314 1475 1399 mansionem,
1527 1315 1779 1385 eisdem
1829 1315 2092 1384 duabus
2140 1312 2591 1383 mensionibus
2632 1331 2674 1378 a
2703 1310 2994 1379 meridie

738 1421 1114 1506 contiguam
1150 1429 1215 1491 et
1264 1425 1566 1506 vicinam,
1599 1423 2006 1506 reliquerunt
2057 1444 2134 1490 eo
2168 1424 2401 1510 modo;
2455 1421 2628 1507 quod
2679 1421 2734 1489 si
2766 1420 2990 1504 ipsam

738 1526 1036 1598 dominus
1068 1532 1451 1616 Prepositus
1501 1532 1568 1599 in
1601 1531 1834 1599 eadem
1888 1531 2052 1599 villa
2103 1530 2399 1600 Ilmeuch
2448 1550 2589 1600 cum
2640 1529 2994 1598 honestate

738 1658 858 1707 sue
907 1639 1259 1726 dignitatis
1308 1639 1575 1710 nomine
1621 1641 1926 1710 Ecclesie
1974 1660 2090 1710 sue
2140 1639 2440 1729 recipere
2486 1636 2811 1723 voluerit,
2867 1635 3001 1702 erit

742 1766 902 1834 sua;
936 1753 1001 1813 et
1032 1747 1091 1816 si
1124 1766 1245 1817 sua
1277 1748 1495 1834 fuerit,
1543 1768 1739 1835 super
1769 1748 2005 1819 eadem
2037 1748 2421 1834 mansione;
2457 1745 2753 1830 alioquin
2787 1761 2995 1829 super

738 1854 877 1923 alia
907 1856 1267 1942 mansione,
1299 1861 1372 1924 ut
1403 1855 1822 1943 premisimus
1841 1906 1860 1941 ,
1895 1855 2189 1945 erigetur
2218 1862 2415 1943 meta,
2454 1860 2521 1921 et
2550 1872 2669 1940 per
2701 1851 2994 1921 eandem

739 1967 976 2030 metam
1009 1963 1289 2033 intrabit
1322 1964 1390 2032 in
1423 1962 1894 2033 arundinetum
1924 1984 2044 2033 seu
2085 1963 2435 2050 paludem3
2485 1969 2551 2029 et
2585 1959 2994 2029 circumscri-

751 2071 989 2158 pcione
1022 2072 1202 2141 illius
1248 2079 1420 2140 mete
1472 2072 1663 2139 uadit
1712 2091 1944 2142 versus
1994 2071 2401 2140 occidentem
2445 2089 2618 2154 equa
2669 2069 2999 2137 diuisione

744 2175 832 2244 ad
860 2178 1187 2264 piscinam
1219 2178 1500 2247 Homfeu
1521 2185 1852 2265 uocatam,
1889 2187 1953 2249 et
1987 2199 2131 2248 cum
2170 2180 2332 2249 illuc
2354 2178 2747 2264 peruenerit,
2780 2178 3002 2262 ipsam

742 2284 1068 2373 piscinam
1099 2286 1384 2355 Homfeu
1417 2288 1506 2353 ad
1539 2287 1638 2356 ius
1669 2287 2000 2376 Prepositi
2050 2293 2370 2374 separant
2421 2286 2774 2356 arundines
2825 2306 2869 2352 a
2899 2285 2997 2372 pi·

745 2393 934 2462 scina
964 2395 1143 2461 Buur
1162 2444 1180 2478 ,
1234 2413 1361 2477 que
1395 2402 1496 2462 est
1544 2395 1806 2481 piscina
1836 2395 1992 2466 dicti
2033 2397 2328 2481 magistri
2359 2395 2726 2484 Herbordi;
2778 2402 2846 2462 et
2877 2395 2999 2461 ab·

744 2501 900 2570 hinc
931 2501 1171 2572 diuisio
1203 2501 1582 2571 huiusmodi
1616 2505 1683 2570 in
1718 2503 1908 2588 aquis
1941 2504 2348 2591 protenditur
2391 2523 2602 2588 usque
2636 2504 2725 2571 ad
2754 2503 3001 2570 Ferteu

744 2628 1073 2695 magnum,
1108 2609 1527 2699 porcionibus
1561 2610 1870 2681 videlicet
1899 2611 2232 2699 Prepositi
2262 2613 2349 2680 ab
2391 2612 2726 2699 aquilone,
2760 2617 2828 2680 et
2859 2631 3000 2679 ma-

745 2717 940 2806 gistri
971 2716 1299 2785 Herbordi
1331 2739 1373 2785 a
1405 2720 1684 2788 meridie
1716 2740 1979 2809 semper
2017 2721 2531 2791 remanentibus.
2566 2722 2738 2790 Item
2769 2722 3005 2788 Patro·

745 2832 973 2895 natum
1006 2825 1305 2894 Ecclesie
1337 2826 1528 2894 Beati
1563 2827 1833 2896 Martini
1883 2828 2185 2914 superius
2218 2828 2394 2898 dicte
2441 2849 2592 2897 cum
2625 2828 2875 2896 ambitu
2911 2828 3002 2893 ci·

746 2934 990 3020 miterij
1041 2934 1169 3003 sibi
1219 2935 1646 3004 communiter
1698 2943 2151 3006 reseruarunt.
2203 2938 2367 3006 Item
2419 2936 2770 3022 quamdam
2803 2935 3008 3023 pisci·

745 3064 898 3113 nam
931 3043 1195 3131 Zyktou
1226 3049 1551 3127 vocatam,
1587 3063 1715 3128 que
1748 3052 1853 3113 est
1883 3029 2069 3113 iuxta
2097 3045 2466 3135 predictam
2499 3044 2897 3132 Ecclesiam,
2932 3051 3003 3113 et

747 3172 792 3221 a
822 3150 1100 3219 meridie
1130 3151 1343 3218 tendit
1391 3171 1623 3222 uersus
1655 3154 2035 3237 aquilonem
2057 3206 2076 3241 ‚
2130 3154 2199 3220 in
2237 3152 2406 3225 duas
2453 3154 2723 3239 equales
2771 3159 3004 3242 partes

748 3259 1176 3329 communiter
1206 3259 1612 3347 diuiserunt3
1645 3262 1762 3345 ita,
1798 3261 1969 3345 quod
1995 3282 2154 3349 pars
2196 3262 2526 3350 Prepositi
2566 3262 2767 3333 cessit
2797 3261 2929 3330 sibi
2960 3280 3006 3325 a

747 3372 938 3456 parte
967 3367 1131 3435 ville
1162 3374 1229 3435 et
1275 3373 1447 3435 terre
1498 3388 1619 3437 sue
1669 3369 1755 3435 ab
1810 3369 2155 3454 aquilone,
2212 3370 2441 3457 porcio
2491 3391 2645 3438 vero
2694 3366 3005 3454 magistri

747 3475 1074 3545 Herbordi
1096 3474 1420 3545 remansit
1450 3475 1757 3545 similiter
1776 3497 1858 3545 ex
1891 3484 2084 3565 parte
2117 3478 2269 3545 ville
2289 3497 2412 3548 sue
2432 3500 2475 3547 a
2506 3478 2799 3553 meridie.
2832 3479 3004 3546 Item

751 3603 896 3654 cum
927 3584 1249 3653 terminus
1282 3584 1492 3671 ipsius
1544 3584 1801 3674 piscine
1833 3587 1899 3653 in
1931 3606 2101 3672 pura
2135 3604 2314 3671 aqua
2362 3587 2618 3656 uenerit
2663 3584 2749 3653 ad
2781 3591 3003 3654 terras

746 3692 1076 3778 arabiles,
1131 3692 1244 3776 qui
1273 3692 1588 3762 terminus
1638 3695 1727 3762 ab
1765 3695 2077 3779 aquilone
2123 3695 2337 3763 tendit
2373 3715 2606 3766 uersus
2657 3696 3002 3779 orientem,

746 3800 872 3867 hoc
906 3802 997 3867 ita
1022 3801 1519 3886 ordinauerunt,
1554 3801 1731 3885 quod
1765 3803 2004 3871 erectis
2038 3802 2229 3872 metis
2263 3821 2469 3886 usque
2510 3802 2665 3870 dum
2697 3801 3006 3887 predicta

746 3909 1086 3994 possessio
1120 3909 1533 3996 protenditur
1565 3914 1660 3980 ab
1684 3911 1992 3996 aquilone
2013 3961 2032 3997 ,
2080 3932 2237 3998 pars
2273 3932 2393 3981 seu
2423 3912 2525 3981 ius
2556 3911 2925 3997 Prepositi;
2959 3931 3006 3979 a

747 4013 1021 4106 meridie
1070 4036 1225 4106 vero
1275 4016 1436 4085 dicti
1484 4018 1790 4104 magistri
1834 4016 2166 4087 Herbordi
2213 4020 2494 4107 pacifice
2543 4020 2999 4087 remanebunt.

747 4124 889 4191 Nec
921 4122 1048 4190 hoc
1079 4122 1656 4208 pretermittimus,
1710 4126 1887 4208 quod
1917 4132 2143 4211 partes
2182 4133 2451 4213 propter
2488 4124 2762 4195 maioris
2813 4125 3004 4196 certi·

748 4229 999 4330 tudinis
1053 4232 1379 4301 cautelam
1426 4232 1652 4300 taliter
1702 4233 2099 4303 seinvicem
2150 4234 2656 4321 obligauerunt3
2711 4235 2886 4319 quod
2943 4235 3011 4304 si·

752 4357 885 4425 qua
916 4357 1141 4406 earum
1173 4341 1468 4427 parcium
1499 4348 1872 4429 presentem
1906 4342 2461 4429 composicionem
2508 4363 2643 4411 non
2673 4344 2992 4412 toleraue-

747 4446 856 4533 rit,
885 4453 952 4515 et
983 4445 1074 4517 ad
1124 4446 1361 4517 soriam
1409 4455 1668 4517 sextam
1703 4456 1859 4536 post
1905 4452 2143 4520 festum
2191 4452 2657 4537 Apostolorum
2707 4452 2891 4522 Petri
2928 4458 2999 4520 et

746 4554 940 4625 Pauli
970 4575 1171 4623 unum
1201 4574 1286 4623 ex
1316 4556 1509 4625 nobis
1559 4577 1678 4644 pro
1729 4557 2105 4627 testimonio
2138 4557 2227 4629 ad
2277 4559 2634 4630 uidendam
2686 4567 2752 4630 et
2795 4557 2996 4628 ratifi-

751 4668 1031 4734 candam
1064 4664 1459 4736 diuisionem
1492 4663 1733 4737 ducere
1762 4688 1893 4735 non
1915 4666 2322 4757 curauerint,
2356 4672 2524 4741 sicut
2551 4667 2747 4757 ydem
2769 4675 2997 4755 partes
