3416 5313
1875 376 2003 440 154

1789 474 2099 482 ..ὼ-*-

813 583 1155 662 presentes
1188 575 1276 643 ad
1304 574 1698 643 instanciam
1734 574 2026 658 parcium
2057 572 2501 645 concessimus
2554 577 2826 660 litteras,
2859 577 3055 663 sigilli

812 684 1017 752 nostri
1048 682 1396 753 munimine
1428 683 1795 752 roboratas,
1834 684 2077 753 Datum
2111 684 2345 767 quinta
2377 685 2544 754 feria
2574 687 2877 776 proxima
2906 693 3055 773 post

811 790 1175 876 quindenas
1207 792 1438 879 Pasce,
1470 814 1640 862 anno
1673 793 1937 862 Domini
1966 790 2063 861 M⁰
2096 793 2240 863 00⁰
2270 795 2697 882 nonagesimo
2732 805 2942 866 sexto.

1245 1007 1514 1080 (Teutsch
1538 1006 1602 1067 ds
1627 1007 1953 1066 Fimhaber
1976 1008 2054 1065 id.
2082 1025 2156 1066 m.
2184 1008 2228 1066 1.
2267 1010 2390 1069 kot.
2416 1009 2540 1070 193.
2565 1005 2628 1081 1.)

1872 1923 1992 1992 99.

805 2138 905 2215 Az
938 2141 1178 2229 erdelyi
1207 2141 1521 2226 kdptalan
1552 2140 2072 2228 bizonysdqlevele
2092 2192 2110 2226 ‚
2164 2142 2324 2229 hoyy
2371 2140 2769 2228 Hideqhouzi
2801 2142 3053 2229 Mihdly

805 2273 848 2314 a
879 2248 1183 2316 heobolmi
1234 2248 1620 2313 lakosoknak
1651 2253 1770 2332 vdr
1801 2251 2093 2336 &pite-§dre
2145 2246 2459 2312 alkalmas
2497 2249 2709 2335 heyyet
2744 2252 2807 2313 e's
2840 2252 3053 2316 annale

1186 2358 1775 2444 szomszddsdqdban
1808 2359 1943 2423 zdvb'
1976 2357 2150 2423 erdb't
2182 2355 2438 2423 eladott.
2473 2359 2669 2429 1296.

1019 2576 1398 2665 Capitulum
1431 2576 1735 2645 Ecclesie
1752 2576 1945 2644 Beati
1975 2578 2343 2668 Mychaelis
2375 2576 2775 2665 Archangeli
2809 2581 3050 2646 Trans·

806 2684 1086 2754 silvanis
1119 2686 1421 2752 omnibus
1454 2684 1696 2753 Christi
1734 2685 2042 2755 fidelibus
2075 2693 2447 2773 presentem
2479 2688 2797 2775 paginam
2829 2687 3051 2774 inspe-

804 2793 1002 2859 cturis
1037 2795 1316 2861 salutem
1351 2794 1420 2860 in
1454 2796 1743 2862 omnium
1776 2795 2127 2862 salvatore.
2168 2794 2495 2873 Quoniam
2528 2813 2611 2861 ea
2637 2814 2758 2878 que
2790 2795 2859 2860 in
2892 2802 3051 2863 tem·

801 2920 960 2987 pore
991 2908 1273 2986 aguntur
1303 2923 1388 2971 ne
1423 2923 1564 2972 cum
1597 2908 1887 2989 tempore
1920 2903 2284 2990 elabantur,
2337 2904 2486 2992 ipsa
2519 2912 2672 2970 acta
2703 2904 2793 2972 ad
2826 2911 3047 2972 caute-

801 3011 954 3097 lam,
987 3017 1052 3079 et
1076 3017 1148 3078 ut
1166 3011 1411 3080 firmius
1434 3019 1607 3080 stent
1630 3017 1695 3078 et
1715 3012 2089 3099 perdurent,
2128 3013 2492 3099 patrocinio
2513 3013 2877 3082 litterarum
2899 3032 3050 3083 con-

800 3125 1154 3190 sveuerunt
1185 3119 1499 3188 roborari.
1522 3119 1804 3187 Proinde
1837 3119 2293 3187 universorum
2327 3120 2595 3201 noticie,
2626 3125 2758 3188 tam
2791 3139 3055 3206 presen-

801 3229 973 3296 cium
1005 3248 1200 3314 quam
1234 3228 1615 3312 futurorum,
1651 3230 1883 3298 harum
1915 3229 2088 3295 serie
2124 3229 2569 3314 declaramus,
2605 3228 2777 3312 quod
2808 3231 3052 3298 nobilis

802 3338 1059 3410 iuvenis
1109 3337 1418 3426 Mychael
1469 3337 1642 3404 filius
1675 3336 1950 3405 Comitis
1982 3325 2231 3404 Thome
2263 3336 2347 3404 de
2384 3338 2795 3427 Hydeghovz
2828 3357 2944 3422 pro
2977 3358 3051 3405 se

802 3454 867 3514 et
913 3468 1033 3538 pro
1087 3446 1368 3514 Nicolao
1401 3445 1604 3513 fratre
1637 3464 1754 3511 suo
1805 3441 2079 3532 carnali,
2115 3466 2337 3515 coram
2369 3447 2560 3515 nobis
2610 3448 3052 3533 personaliter

799 3556 1191 3629 constitutus
1213 3604 1231 3638 ,
1290 3555 1633 3623 confessus
1686 3545 1790 3621 est
1821 3574 2020 3621 vnum
2052 3563 2337 3624 montem
2392 3556 2721 3622 valentem
2772 3576 2891 3640 pro
2924 3576 3051 3642 ope

803 3667 1030 3751 castri,
1063 3686 1205 3735 cum
1231 3666 1516 3749 quadam
1539 3661 1800 3731 modica
1833 3664 2157 3751 particula
2187 3673 2362 3733 terre
2393 3673 2458 3732 et
2491 3664 2679 3734 silwa
2711 3665 2799 3733 ad
2831 3667 3050 3755 ipsum

798 3782 1086 3846 montem
1137 3774 1497 3843 inmediate
1547 3772 1945 3861 pertinenti,
1997 3773 2080 3841 de
2132 3773 2416 3858 quadam
2466 3774 2886 3861 possessione
2923 3792 3046 3842 sua

798 3885 990 3953 Bulla
1039 3889 1317 3969 vocata,
1364 3882 1593 3967 metis,
1628 3884 1688 3952 ei
1722 3883 1935 3969 signis
1970 3889 2352 3971 separatum
2403 3889 2470 3950 et
2509 3880 2913 3961 distinctum,
2965 3901 3047 3949 ex

796 3994 974 4061 bona
1004 3991 1343 4060 voluntate
1374 3991 1598 4061 fratris
1631 3993 1733 4061 sui
1766 3990 2076 4082 prelibati
2109 4012 2192 4058 ac
2223 3992 2504 4061 aliorum
2529 3997 2960 4080 cognatorum
2979 3996 3049 4057 et

793 4101 1306 4190 propinquorum
1340 4119 1604 4170 suorum
1634 4102 2084 4188 permissione,
2120 4121 2239 4187 pro
2270 4101 2507 4187 viginti
2525 4100 2766 4171 marcis
2798 4099 2913 4167 fini
2943 4120 3045 4168 ar·

794 4206 996 4297 genti,
1027 4208 1287 4296 populis
1321 4211 1403 4278 de
1433 4209 1595 4277 villa
1625 4209 1968 4293 Heoholm‚
2001 4230 2120 4296 pro
2154 4209 2387 4293 quibus
2425 4214 2491 4276 et
2523 4229 2605 4277 ex
2641 4208 2874 4293 quibus
2908 4207 3042 4276 An-

788 4319 986 4388 dreas
1019 4315 1193 4387 filius
1226 4319 1550 4388 Hermani
1598 4320 1681 4386 de
1713 4319 1863 4407 ipsa
1895 4316 2057 4386 villa
2090 4317 2477 4406 comparuit,
2515 4313 2937 4402 vendidisse,
2972 4324 3042 4385 et

785 4428 1001 4515 ipsam
1051 4425 1404 4515 pecuniam
1457 4426 1630 4495 idem
1681 4427 1992 4516 Mychael
2041 4427 2337 4513 plenarie
2373 4427 2708 4513 recepisse
2757 4424 2925 4494 dixit
2956 4425 3042 4496 ab

789 4537 1061 4621 eisdem,
1096 4537 1460 4622 obligando
1483 4557 1556 4604 se
1578 4534 1793 4608 dictus
1814 4536 2140 4625 Mychael,
2166 4545 2237 4605 vt
2262 4537 2320 4606 si
2351 4556 2664 4626 processu
2694 4536 3038 4622 temporis,

785 4643 1061 4735 predicti
1107 4645 1329 4732 populi
1382 4645 1466 4713 de
1515 4645 1838 4715 Heoholm
1856 4693 1877 4732 ,
1915 4641 2177 4714 racione
2233 4645 2391 4716 dicti
2444 4645 2681 4714 montis
2733 4645 2843 4711 vel
2875 4644 3024 4710 atti-

786 4751 1085 4825 nencium
1115 4774 1373 4824 suorum
1393 4753 1853 4842 predictorum,
1886 4775 2003 4840 per
2036 4756 2425 4845 quempiam
2454 4757 2891 4841 inpeterentur
2928 4753 3034 4818 vol
