3416 5313
1420 371 1626 473 169&

1331 466 1496 474 “mm

1415 979 1561 1047 no.

378 1142 503 1208 ΙΙΙ.
537 1142 752 1207 Εηῶνθ
783 1142 996 1230 kirdly
1033 1143 1298 1206 Hamus
1329 1139 1950 1227 kamarayrdfjdnak
1984 1161 2095 1226 eyy
2128 1140 2336 1204 Kassa
2368 1142 2428 1205 έε
2462 1135 2608 1205 Gb'l-

678 1253 1027 1337 niczbcinya
1056 1251 1195 1315 kuzt
1213 1248 1418 1333 fekob'
1449 1251 1623 1315 erdb't
1655 1250 2058 1335 adomdnyoz.
2112 1249 2306 1313 1297.

521 1414 660 1481 Nos
681 1414 981 1480 Andreas
1002 1415 1127 1481 Dei
1151 1413 1381 1497 gracia
1402 1412 1758 1499 Hungarie,
1782 1412 2147 1495 Dalmacie,
2170 1411 2467 1497 Croacie‚
2490 1411 2613 1477 Ra·

380 1543 504 1606 me,
538 1521 1112 1607 Servie,Gallicie,
1149 1521 1557 1604 Lodomerie,
1597 1522 1934 1601 Cumanie,
1970 1522 2411 1606 Bulgarieque
2450 1520 2612 1602 Rex,

381 1631 681 1698 omnibus
703 1629 944 1697 Christi
976 1629 1275 1696 fidelibus
1296 1637 1661 1714 presentem
1686 1631 2000 1715 paginam
2032 1627 2423 1713 inspecturis
2443 1627 2615 1695 salu-

380 1745 509 1805 tem
542 1738 609 1803 in
633 1738 908 1806 Domino
930 1735 1412 1823 sempiternam.
1437 1739 1680 1805 Fervor
1700 1735 2031 1805 fidelitatis
2066 1735 2299 1803 eximie
2330 1741 2397 1802 et
2427 1734 2613 1803 obse·

382 1846 668 1930 quiorum
720 1847 956 1913 merita
1007 1845 1408 1915 subditorum
1440 1844 1640 1912 corda
1690 1846 1938 1931 Regum
1979 1850 2044 1912 et
2081 1843 2452 1927 Principum
2489 1842 2612 1909 ad-

381 1953 663 2037 trahuut,
695 1953 1017 2021 inducunt
1049 1962 1112 2020 et
1143 1953 1464 2038 invitant,
1512 1960 1582 2018 ut
1632 1953 1715 2036 ii,
1770 1954 1878 2036 qui
1931 1953 2229 2020 serviciis
2264 1950 2614 2020 dominicis

385 2081 459 2129 se
491 2062 876 2145 immiscent,
912 2061 1236 2146 condigne
1268 2061 1821 2129 remuneracionis
1861 2061 2205 2146 stipendiis
2238 2061 2617 2126 attolantur.

385 2168 667 2236 Proinde
717 2168 805 2235 ad
855 2169 1306 2236 universorum
1357 2169 1666 2234 noticiam
1720 2173 1945 2235 tenore
1994 2168 2404 2253 presencium
2437 2168 2619 2236 volu·

383 2298 524 2345 mus
557 2276 920 2363 pervenire,
957 2278 1129 2360 quod
1163 2277 1316 2361 quia
1349 2278 1621 2346 Hannus
1654 2276 1830 2344 filius
1863 2276 2136 2343 Comitis
2178 2274 2504 2344 Herbordi
2537 2277 2619 2343 de

384 2387 616 2469 Cassa,
650 2385 881 2453 Comes
918 2406 1175 2457 camere
1206 2393 1426 2452 nostre
1457 2386 1849 2471 Maiestatis,
1883 2386 2092 2454 oculis
2113 2384 2354 2453 nostris
2386 2383 2622 2452 meruit

388 2494 828 2579 multipliciter
851 2495 1318 2580 commendari,
1342 2516 1598 2579 nosque
1632 2497 1833 2580 ipsius
1868 2496 2150 2564 servicia
2182 2497 2451 2583 pietatis
2474 2515 2624 2563 ocu·

388 2604 477 2672 lis
511 2606 856 2686 intuentes,
896 2603 1324 2689 volentesque
1346 2605 1555 2688 ipsius
1588 2602 2023 2674 fidelitatibus
2056 2613 2120 2674 et
2141 2605 2476 2690 obsequiis
2509 2606 2624 2676 ali-

391 2716 567 2797 quali
600 2712 1156 2781 remuneracionis
1209 2713 1506 2780 antidoto
1539 2714 1851 2798 obviare,
1899 2719 2159 2802 sylvam
2193 2719 2365 2782 intra
2399 2716 2623 2784 eivita-

389 2831 491 2890 tes
523 2833 776 2892 nostras
812 2824 1286 2893 Geinuchbana
1317 2833 1382 2891 et
1430 2824 1514 2890 de
1543 2824 1768 2898 ,Cassa
1818 2825 2125 2893 situatam
2177 2845 2295 2892 seu
2344 2826 2626 2892 existen·

388 2938 538 3014 tem,
573 2930 653 2997 ad
691 2939 983 2998 nostram
1017 2933 1282 2999 manum
1316 2929 1693 2999 immediate
1717 2940 2143 3017 spectantem,
2176 2933 2531 3013 desertam,
2564 2941 2630 2999 et

392 3042 718 3108 intensam
751 3040 919 3108 inter
950 3039 1182 3109 fluvios
1219 3042 1415 3108 Mizla
1449 3047 1513 3107 et
1547 3041 1880 3109 Chernuta
1911 3050 2183 3109 vocatos
2216 3043 2625 3122 existentem,

392 3168 600 3231 usque
635 3149 719 3216 ad
751 3148 983 3217 fluvios
1019 3150 1183 3218 Bela
1215 3157 1280 3215 et
1312 3152 1433 3218 Kis
1470 3151 1768 3218 Gelnuch
1817 3158 2226 3237 nuncupatos
2249 3203 2266 3236 ,
2315 3159 2508 3238 prout
2539 3150 2628 3216 ad

393 3266 690 3324 nostram
726 3258 998 3342 Regiam
1032 3262 1315 3342 pertinet
1346 3259 1794 3342 Majestatem,
1830 3260 2039 3327 eidem
2063 3260 2295 3329 Comiti
2334 3261 2626 3340 Hannus,

394 3373 462 3432 et
492 3385 608 3450 per
643 3385 782 3431 eum
820 3366 951 3434 suis
991 3366 1377 3450 heredibus,
1430 3369 1873 3451 heredumque
1925 3388 2188 3437 suorum
2240 3367 2629 3437 suecessori-

392 3478 519 3542 bus
559 3477 947 3541 contulimus
969 3477 1037 3541 et
1067 3476 1462 3544 tradidimus
1488 3480 1635 3563 jure
1671 3488 1987 3563 perpetuo
2010 3487 2074 3544 et
2109 3476 2629 3546 irrevocabiliter

394 3584 890 3668 possidendam.
951 3587 1036 3652 Et
1086 3586 1361 3654 eundem
1413 3587 1733 3654 Comitem
1787 3589 2060 3654 Hannus
2110 3588 2171 3651 in
2228 3586 2632 3671 corporalem

396 3692 881 3779 possessionem
915 3692 1086 3760 dicte
1122 3695 1310 3779 sylve
1343 3701 1408 3759 et
1439 3702 1609 3760 terre
1642 3715 1761 3780 per
1778 3696 2152 3764 Feldrieum
2184 3693 2630 3762 Castellanum

397 3808 688 3869 nostrum
723 3801 804 3865 de
837 3803 1046 3869 Potok
1080 3803 1200 3868 sub
1253 3804 1627 3871 testimonio
1664 3805 1954 3889 Capituli
1987 3804 2325 3890 Agriensis
2358 3803 2631 3871 fecimus

400 3910 740 3979 introduci.
775 3912 850 3976 In
886 3910 1070 3995 quus
1108 3911 1204 3977 rei
1241 3914 1618 3978 memoriam
1647 3963 1663 3997 ‚
1716 3914 2217 3996 firmitatemque
2247 3917 2629 3999 perpetuam

400 4024 742 4105 presentes
794 4019 1239 4087 concessimus
1294 4019 1623 4106 dupplicis
1657 4022 1860 4107 sigilli
1893 4023 2097 4088 nostri
2150 4021 2504 4087 munimine
2536 4041 2633 4087 ro-

403 4131 689 4196 boratas,
723 4129 960 4193 Datum
1010 4147 1131 4213 per
1164 4147 1397 4196 manus
1450 4131 1850 4199 venerabilis
1901 4132 2110 4218 patris
2144 4130 2388 4196 domini
2419 4128 2632 4197 Theo-

404 4240 544 4306 dori
573 4239 702 4304 Dei
733 4239 959 4322 gracia
988 4238 1301 4326 Episcopi
1332 4241 1698 4311 Jauriensis
1721 4291 1739 4325 ,
1775 4243 1998 4310 dilecti
2030 4248 2097 4310 et
2144 4240 2359 4309 fidelis
2406 4240 2635 4321 nostri,

407 4350 553 4414 aule
584 4355 806 4415 nostre
855 4346 1453 4435 vice-Cancellari,
1490 4371 1660 4417 anno
1693 4350 1961 4420 Domini
2012 4351 2355 4419 millesimo
2404 4350 2637 4418 ducen-

404 4458 637 4526 tesimo
670 4457 1097 4541 nonagesimo
1121 4457 1415 4543 septim0,
1448 4459 1658 4543 Regni
1677 4467 1900 4527 autem
1921 4460 2129 4527 nostri
2161 4478 2333 4527 anno
2359 4456 2636 4543 septimo

801 4635 1014 4700 (Kassa
1035 4634 1207 4693 varos
1234 4635 1719 4696 levelta‘rababol.
1745 4641 1987 4693 Hatvoem'
2012 4636 2245 4708 Mihdly.)

1259 4846 1751 4858 *μα-Ἠ
