3416 5313
1792 356 1999 465 „1³⁶

823 563 1030 632 sessio
1063 559 1438 626 attinuisset
1458 609 1475 642 ,
1525 563 1589 621 et
1622 556 1706 621 ab
1739 553 1899 640 ipsis
1933 553 2165 620 fuisset
2197 554 2522 636 alienata,
2573 554 2640 620 in
2674 554 2877 620 nostri
2908 574 3051 640 pre-

824 672 1045 740 sencia
1075 688 1193 754 per
1223 667 1407 753 ipsos
1439 665 1525 730 ab
1559 665 1703 750 ipso
1741 663 2036 746 Nicola0,
2072 664 2353 749 receptis
2376 662 2833 730 nichilominus
2867 680 3059 732 sexa-

827 782 1013 866 ginta
1043 776 1306 858 marcis,
1340 779 1553 859 ipsam
1585 773 2073 858 possessionem
2126 773 2388 856 prefato
2425 772 2731 858 Nycolao
2765 793 2845 840 ex
2878 772 3059 839 bona

825 907 1044 953 eorum
1080 885 1436 967 uoluntate,
1471 890 1536 948 et
1569 881 1702 945 suis
1734 880 2108 963 heredibus,
2144 878 2587 966 heredumque
2627 899 2882 947 suorum
2916 901 3059 946 suc-

825 995 1194 1064 cessoribus
1225 1000 1540 1081 perpetuo
1573 990 2045 1074 possidendam
2079 1009 2219 1055 cum
2255 990 2388 1055 suis
2428 991 2728 1059 omnibus
2762 990 3058 1055 Vtilitati-

823 1110 943 1174 bus
976 1111 1042 1171 et
1078 1102 1503 1189 pertinenciis
1537 1106 1902 1167 statuerunt
1932 1100 2126 1185 pleno
2156 1100 2325 1185 iure,
2359 1105 2553 1186 prout
2584 1121 2664 1166 ex
2699 1100 3060 1167 donacione

824 1213 1163 1281 memorati
1213 1210 1453 1277 domini
1487 1209 1804 1294 Stephani
1836 1208 2038 1293 Regis
2068 1207 2460 1275 dinosscitur
2496 1208 2896 1295 possedisse,
2950 1225 3059 1272 ne·

826 1322 1001 1388 mine
1035 1317 1540 1398 contradicente,
1574 1316 1691 1381 sub
1715 1318 1905 1383 metis
1938 1322 2003 1381 et
2036 1315 2327 1382 terminis
2361 1315 2820 1399 infrascriptis,
2854 1336 2937 1381 ex
2968 1321 3063 1381 te·

825 1449 984 1496 nore
1014 1425 1286 1514 predicti
1339 1423 1671 1510 priuilegii
1714 1424 1875 1490 dicti
1926 1425 2170 1492 domini
2220 1424 2540 1509 Stephani
2591 1426 2791 1507 Regis
2846 1430 3066 1491 extra-

827 1537 949 1606 ctis
981 1543 1047 1605 ct
1073 1534 1428 1619 rescriptis.
1460 1534 1750 1612 Quarum
1798 1534 2004 1618 prima
2035 1534 2285 1619 incipit,
2336 1534 2489 1600 dum
2526 1533 2811 1601 exiretur
2843 1533 2926 1601 de
2953 1530 3066 1598 flu·
3120 1551 3124 1553 “

828 1646 936 1715 uio
956 1648 1208 1713 Borsua
1228 1666 1270 1710 a
1308 1651 1492 1728 parte
1524 1640 1702 1709 fluuii
1737 1641 2103 1724 Pasuncha,
2136 1639 2245 1706 ubi
2297 1648 2638 1728 separatur
2671 1662 2714 1707 a
2746 1642 2961 1726 Bereg
3001 1649 3068 1708 et

829 1754 1206 1840 adiungitur
1224 1750 1626 1837 possessioni
1647 1749 1881 1835 Regali
1904 1748 2120 1817 Ordou
2142 1756 2370 1816 uocate
2392 1771 2409 1833 3
2446 1748 2685 1816 deinde
2705 1770 2823 1833 per
2856 1750 3066 1834 ipsum

825 1863 1091 1932 fluuium
1124 1859 1443 1928 currendo
1477 1860 1544 1924 in
1573 1858 1944 1925 inferiorem
1996 1864 2242 1942 partem
2295 1857 2477 1926 cadit
2524 1858 2592 1923 in
2625 1856 2894 1924 fluuium
2943 1856 3067 1925 Be-

742 2026 745 2027 r
825 1971 1058 2052 herke,
1092 1976 1157 2035 ct
1185 1989 1305 2054 per
1338 1969 1549 2052 ipsum
1581 1965 1844 2032 fluuium
1875 1965 2146 2033 inferius
2182 1967 2400 2032 eundo
2442 1968 2744 2051 peruenit
2778 1967 2864 2032 ad
2900 1966 3067 2032 duos

825 2078 1059 2147 fluuios
1095 2075 1526 2159 Kethchenge
1562 2080 1874 2155 uocatos;
1910 2072 2207 2139 exeundo
2229 2082 2448 2142 autem
2481 2075 2721 2141 deinde
2755 2081 2906 2139 sunt
2940 2075 3071 2141 due

828 2194 1004 2256 mete
1035 2194 1281 2269 terree;
1334 2190 1400 2250 et
1433 2182 1516 2248 ab
1548 2180 1700 2246 hinc
1751 2182 1962 2263 uergit
1995 2180 2081 2247 ad
2115 2182 2427 2250 orientem
2451 2234 2468 2267 ‚
2521 2188 2588 2246 et
2638 2182 2941 2267 peruenit
2979 2183 3072 2248 ad

831 2299 1143 2363 minorem
1178 2294 1441 2359 fluuium
1490 2291 1773 2374 Chenge,
1807 2293 1920 2357 ubi
1960 2293 2102 2376 ipse
2132 2293 2368 2359 fluuius
2420 2294 2775 2380 transitur3
2829 2292 3074 2360 abhinc

830 2403 1168 2492 pergendo
1201 2403 1329 2468 itur
1364 2419 1485 2485 per
1519 2399 1926 2486 superiorem
1961 2406 2220 2485 partem
2254 2400 2423 2466 silue
2453 2402 2602 2484 Byk
2654 2401 2901 2469 dictam
2933 2420 3074 2468 uer·

832 2532 945 2580 sus
977 2511 1316 2591 orientem,
1350 2507 1461 2571 ubi
1496 2508 1871 2589 peruenitur
1891 2509 1980 2574 ad
2013 2507 2336 2592 quendam
2355 2521 2665 2592 montem,
2700 2516 2765 2574 et
2792 2509 2888 2573 ibi
2922 2513 3076 2575 sunt

832 2621 898 2688 in
935 2635 1252 2686 asscensu
1286 2615 1391 2681 eiu
1405 2616 1592 2700 sdem
1627 2616 1871 2684 montis
1903 2617 2029 2685 due
2061 2622 2230 2683 mete
2263 2622 2514 2705 terree;
2568 2617 2806 2684 deinde
2839 2638 3072 2703 parum

831 2724 1170 2817 pergendo
1201 2725 1505 2811 peruenit
1533 2725 1626 2790 ad
1657 2724 1852 2809 uiam,
1888 2746 2014 2808 que
2047 2725 2366 2795 Warutha
2387 2725 2658 2814 dicitur;
2696 2727 2941 2792 exinde
2963 2747 3073 2791 ua-

835 2839 932 2904 dit
963 2835 1052 2903 ad
1103 2836 1366 2921 syluam
1414 2832 1848 2921 Kerezthbyk
1882 2834 2160 2917 dictam,
2212 2854 2404 2916 quam
2455 2836 2691 2902 transit
2740 2837 2958 2904 eundo
2992 2831 3076 2897 ad

832 2949 1085 3034 partem
1119 2940 1647 3026 meridionalem3
1702 2940 1945 3007 abhinc
1979 2941 2164 3007 uadit
2195 2943 2286 3008 ad
2336 2943 2665 3026 quendam
2711 2945 2932 3008 locum
2964 2938 3076 3005 flu·

830 3055 959 3139 uij,
979 3052 1091 3136 qui
1111 3051 1635 3117 Ilounukeurene
1656 3050 2051 3136 appellatur,
2079 3048 2189 3114 ubi
2209 3053 2274 3116 in
2298 3051 2566 3118 introitu
2602 3051 2771 3116 silue
2791 3048 3078 3117 Ilounuk

834 3167 983 3229 sunt
1013 3160 1139 3227 due
1188 3166 1361 3225 mete
1411 3164 1662 3241 terree;
1715 3156 1959 3223 abhinc
2011 3177 2167 3224 uero
2201 3160 2440 3225 transit
2489 3159 2576 3226 ad
2625 3161 2846 3226 locum
2880 3157 3079 3244 Fyle-

833 3269 1080 3337 luchka
1111 3268 1356 3334 dictum
1380 3316 1397 3348 ,
1452 3273 1515 3330 et
1553 3265 1767 3350 ipsum
1800 3266 2015 3332 locum
2048 3267 2453 3333 transeundo
2504 3269 2633 3333 itur
2665 3269 2755 3334 ad
2803 3264 3083 3333 fluuium

832 3379 1046 3443 Belua
1073 3380 1414 3455 uocatum;
1453 3372 1694 3439 deinde
1729 3373 1915 3439 uadit
1945 3374 2032 3438 ad
2064 3373 2635 3460 Ohakanegefoka
2654 3425 2674 3460 ,
2734 3381 2799 3439 et
2834 3374 3086 3441 abhinc

833 3487 961 3551 itur
995 3484 1077 3549 ad
1110 3487 1362 3569 partem
1394 3481 1912 3562 meridionalem,
1945 3479 2057 3546 ubi
2088 3486 2441 3566 separatur
2462 3503 2504 3547 a
2537 3489 2720 3550 terra
2752 3479 2984 3550 Ordou
3019 3487 3088 3550 et

834 3591 1215 3675 adiungitur
1264 3598 1436 3655 terre
1471 3586 1879 3670 Werbeuch;
1932 3596 1998 3652 et
2027 3589 2267 3655 exinde
2315 3590 2741 3675 procedendo
2777 3590 3089 3675 peruenit

834 3700 925 3766 ad
953 3706 1261 3785 stagnum
1293 3699 1752 3765 Kendurattou
1795 3704 2118 3779 uocatum,
2151 3699 2265 3763 ubi
2300 3705 2458 3766 sunt
2492 3698 2624 3765 due
2657 3705 2832 3766 mete
2868 3705 3091 3765 terree

833 3828 878 3871 a
909 3812 1102 3893 parte
1152 3806 1580 3890 occidentali;
1634 3806 1874 3872 abhinc
1922 3806 2111 3874 uadit
2148 3806 2236 3872 ad
2267 3805 2483 3893 uiam,
2532 3826 2657 3891 que
2711 3807 2798 3874 de
2851 3807 3096 3874 eadem

834 3914 999 3981 villa
1047 3910 1553 3997 Feketeupotok
1586 3913 1803 3995 uenit,
1853 3912 1968 3977 ubi
2012 3913 2390 3998 adiungitur
2445 3915 2621 3981 lacui
2672 3914 3092 3999 Alcalpotok

836 4019 995 4087 dicti
1012 4071 1032 4106 ,
1078 4022 1190 4101 qui
1242 4020 1422 4085 cadit
1469 4021 1538 4086 in
1570 4021 1841 4086 fluuium
1890 4020 2256 4087 Werbevch
2277 4070 2294 4101 ,
2330 4020 2414 4087 de
2447 4041 2580 4103 quo
2614 4023 2813 4088 fluuio
2848 4044 3092 4108 parum

837 4127 1050 4196 eundo
1083 4136 1429 4210 separatur
1482 4148 1525 4194 a
1555 4135 1732 4194 terra
1764 4116 2148 4208 Werbeuch,
2186 4134 2250 4192 et
2286 4128 2670 4212 adiungitur
2701 4137 2877 4198 terre
2911 4132 3094 4210 Isou,

836 4236 923 4303 de
953 4255 1084 4319 qua
1117 4232 1183 4298 in
1212 4234 1475 4320 pascuis
1527 4234 1863 4320 pergendo
1911 4234 2097 4299 uadit
2136 4252 2363 4301 uersus
2396 4236 2798 4321 aquilonem,
2835 4244 2903 4305 et
2934 4259 3092 4323 per-

838 4344 1015 4411 uenit
1048 4340 1138 4409 ad
1165 4342 1432 4408 fluuium
1462 4342 1667 4408 Zalua
1700 4342 1997 4428 nomine;
2051 4340 2287 4408 exinde
2318 4362 2474 4412 uero
2501 4344 2592 4411 ad
2622 4352 2888 4430 partem
2919 4348 3093 4415 infe·

839 4452 1076 4518 riorem
1096 4468 1303 4532 usque
1323 4456 1628 4535 stagnum
1649 4451 1897 4516 Prenez
1937 4445 2182 4515 dictum
2215 4451 2426 4519 eundo
2449 4453 2689 4519 transit
2721 4455 2810 4521 ad
2842 4464 3097 4524 terram

840 4563 1112 4630 Koazou
1143 4556 1410 4633 dictam,
1444 4576 1570 4641 que
1590 4562 1692 4624 est
1712 4556 2046 4641 possessio
2066 4556 2371 4643 Regalis;
2406 4564 2474 4623 et
2502 4557 2588 4627 ab
2621 4561 2859 4628 eadem
2893 4573 3093 4648 parte

838 4665 1167 4749 aquilonis
1197 4666 1494 4751 peruenit
1540 4666 1628 4732 ad
1660 4665 1878 4733 lacum
1926 4665 2144 4731 Ataab
2178 4664 2444 4752 dictum,
2482 4674 2549 4735 et
2579 4688 2699 4753 per
2731 4671 2953 4756 ipsum
2987 4675 3087 4741 la-
