3416 5313
1807 312 1940 379 104

704 554 709 559 ι
754 510 969 590 tineri,
1003 509 1177 593 quod
1229 506 1556 592 quandam
1585 508 1988 595 particulam
2024 515 2204 576 terre
2237 506 2512 574 Comitis
2553 505 2855 592 Gregorii
2885 505 3003 574 lilii

752 619 1075 689 Johannis
1128 618 1259 705 ipsi
1292 616 1530 686 Comiti
1581 618 1899 704 Gregorio
1942 638 2062 703 pro
2112 616 2461 686 meritoriis
2511 617 2650 685 suis
2701 614 3002 685 seruiciis

758 728 1159 797 contulisset.
1193 726 1437 796 Contra
1456 745 1649 811 quem
1669 727 1804 795 iam
1824 726 2037 794 dictus
2068 725 2368 794 dominus
2390 724 2616 793 Abbas
2643 715 3005 810 respondit,

759 838 937 923 quod
967 857 1091 905 nec
1123 843 1369 904 terram
1403 836 1602 904 castri
1645 856 1729 903 ex
1761 835 2123 902 collacione
2155 834 2365 915 Regia
2411 831 2709 900 habitam
2741 851 2866 899 nec
2893 831 3006 897 he·

759 946 1141 1014 reditariam
1173 952 1417 1013 terram
1449 945 1850 1031 haberent-in
1883 943 2183 1030 predicta
2204 949 2381 1023 terra
2412 943 2596 1009 Kara
2627 940 3004 1025 aliqualem,

759 1056 877 1126 sed
910 1055 1174 1123 omnino
1209 1060 1275 1120 et
1306 1052 1768 1122 vniuersaliter
1800 1062 1978 1121 esset
2007 1052 2416 1120 hereditaria
2446 1057 2629 1118 terra
2660 1052 3006 1118 monaste-

760 1165 841 1232 rii
872 1165 1098 1231 Sancti
1150 1163 1435 1229 Martini.
1468 1165 1604 1229 Nos
1637 1183 1792 1231 uero
1827 1163 2466 1241 adiudicaveramus‚
2501 1160 2675 1243 quod
2708 1159 3008 1246 prefatus

763 1271 999 1342 Comes
1030 1269 1366 1338 Johannes
1418 1271 1548 1339 iam
1582 1272 1825 1338 dictam
1858 1278 2102 1338 terram
2142 1290 2223 1336 ex
2256 1270 2621 1338 collacione
2656 1268 2864 1352 Regia
2896 1268 3013 1335 ha-

759 1383 964 1450 bitam
998 1388 1064 1448 et
1093 1381 1278 1446 iuxta
1310 1379 1586 1448 eandem
1623 1389 1864 1448 terram
1911 1400 2131 1449 eorum
2184 1376 2653 1447 hereditariam
2674 1428 2692 1463 ,
2741 1377 2911 1444 sicut
2938 1377 3009 1445 in

763 1488 1109 1576 priuilegio
1140 1490 1504 1575 prescripto
1538 1489 1924 1572 continetur,
1961 1488 2132 1557 feria
2150 1495 2391 1572 quarta
2423 1492 2574 1572 post
2607 1487 2841 1554 festum
2873 1486 3009 1554 Ma·

763 1598 900 1664 thei
927 1596 1229 1683 Apostoli
1259 1615 1475 1663 coram
1504 1596 1884 1666 testimonio
1933 1598 2312 1666 conuentus
2346 1596 2760 1681 simigiensis
2795 1603 3012 1663 osten-

767 1705 952 1771 deret
982 1703 1235 1781 homini
1265 1712 1491 1772 nostro
1543 1713 1609 1772 et
1659 1725 1806 1771 cum
1841 1706 2075 1773 eodem
2108 1705 2571 1785 reambularet,
2616 1708 2683 1769 et
2713 1702 3013 1771 similiter

770 1813 1070 1882 dominus
1099 1815 1327 1882 Abbas
1361 1822 1606 1882 terram
1639 1833 1826 1881 suam
1860 1815 2324 1884 hereditariam
2358 1816 2545 1882 iuxta
2576 1813 3015 1884 assercionem

769 1943 954 1991 suam
1001 1930 1456 2012 prenotatam3
1507 1926 1925 2009 postmodum
1977 1929 2169 1994 ambe
2215 1932 2440 2012 partes
2492 1943 2635 1990 cum
2686 1923 2918 1990 litteris
2953 1929 3018 1988 et

768 2032 1136 2118 priuilegiis
1170 2052 1393 2100 eorum
1443 2033 1532 2099 ad
1564 2035 1832 2101 finalem
1873 2035 2279 2103 decisionem
2312 2053 2514 2101 cause
2547 2033 2884 2101 sabbatho
2916 2051 3018 2101 se-

771 2141 999 2223 quenti
1047 2147 1200 2226 post
1248 2141 1608 2226 predictum
1657 2143 2001 2209 terminum
2051 2148 2508 2227 comparerent
2558 2162 2778 2210 coram
2826 2142 3020 2209 nobis

770 2251 1028 2319 iterato.
1061 2249 1349 2333 Ipsoque
1401 2249 1510 2318 die
1560 2250 1957 2321 adueniente
2006 2253 2341 2338 predictus
2393 2251 2629 2319 Oomes
2682 2251 3021 2320 Johannes

772 2381 902 2429 non
935 2357 1135 2439 venit,
1170 2377 1293 2424 nec
1326 2357 1614 2441 aliquem
1664 2378 1785 2444 pro
1816 2378 1890 2426 se
1922 2359 2123 2445 misit,
2157 2359 2494 2443 predictus
2528 2379 2685 2427 vero
2716 2359 3023 2428 dominus

772 2469 1003 2536 Abbas
1033 2468 1215 2535 venit
1234 2466 1323 2533 ad
1356 2469 1802 2536 exhibendum
1826 2488 2013 2538 suum
2044 2470 2463 2554 priuilegium
2497 2469 2589 2537 ad
2621 2469 2885 2537 finalem
2912 2468 3020 2534 de-

774 2577 1085 2642 cisionem
1117 2593 1314 2642 cause
1346 2596 1463 2643 sue
1495 2576 1724 2643 ordine
1754 2577 2102 2644 iudiciario
2138 2577 2561 2664 suscipiendi,
2596 2577 3018 2661 exhibuitque

776 2687 1032 2753 litteras
1066 2684 1348 2771 predicti
1383 2687 1757 2753 Conuentus
1781 2738 1799 2771 ,
1853 2688 1920 2753 in
1956 2688 2193 2771 quibus
2225 2689 2585 2774 reperimus
2611 2737 2628 2770 ,
2678 2688 2854 2771 quod
2886 2687 3019 2755 iam

778 2796 990 2863 dictus
1039 2793 1338 2861 dominus
1390 2797 1615 2864 Abbas
1647 2814 1841 2881 super
1889 2796 2131 2863 faciem
2182 2807 2356 2862 terre
2403 2816 2520 2863 seu
2573 2796 3024 2881 possessionis

780 2903 970 2969 Kara
1001 2904 1467 2988 comparendo‚
1500 2904 1796 2972 totaliter
1847 2907 1915 2971 in
1947 2906 2050 2970 ius
2092 2914 2155 2971 et
2205 2905 2669 2990 proprietatem
2703 2904 2860 2973 dicti
2890 2907 3025 2973 Mo·

778 3014 1052 3081 nasterii
1131 3014 1461 3098 pertinere
1545 3014 1826 3084 dixisset
1906 3021 2146 3081 terram
2230 3009 2416 3080 Kara
2480 3015 3021 3098 prenominatam,

782 3121 1115 3207 predictus
1167 3141 1325 3189 vero
1375 3121 1717 3189 Johannes
1767 3144 1899 3192 non
1935 3126 2423 3207 comparuisset,
2471 3142 2593 3189 nec
2624 3124 2783 3191 illuc
2812 3125 3025 3190 venis-

784 3240 883 3298 set
913 3240 983 3296 vt
1015 3238 1487 3316 assumpserat.
1522 3231 1660 3299 Nos
1692 3232 1893 3317 igitur
1926 3233 2351 3299 considerata
2402 3237 2469 3298 et
2498 3232 2832 3301 intellecta
2862 3230 3025 3298 veri-

784 3347 942 3425 tate,
978 3347 1044 3404 et
1073 3339 1353 3406 maxime
1388 3340 1543 3421 quia
1581 3341 1918 3423 predictus
1952 3340 2187 3409 Comes
2220 3340 2555 3408 Johannes
2588 3341 2676 3406 ad
2708 3339 3026 3407 exhiben-

784 3448 934 3515 dum
966 3467 1154 3515 suum
1186 3448 1602 3533 priuilegium
1634 3457 1700 3515 et
1733 3449 1821 3514 ad
1853 3447 2117 3516 finalem
2147 3448 2542 3516 decisionem
2576 3468 2775 3516 cause
2804 3451 3027 3517 venire

785 3579 915 3625 uon
949 3553 1243 3640 curabat,
1265 3562 1338 3622 vt
1368 3555 1781 3643 premittitur,
1815 3556 2031 3641 ipsam
2065 3565 2306 3625 terram
2338 3560 2522 3625 Kara
2557 3577 2699 3626 cum
2729 3558 3025 3625 omnibus

787 3667 1175 3734 vtilitatibus
1204 3674 1271 3733 et
1301 3666 1722 3750 pertinenciis
1756 3665 1893 3731 suis
1926 3684 2005 3732 ac
2034 3676 2227 3750 prato
2261 3671 2327 3731 et
2357 3664 2566 3733 vineis
2597 3667 2829 3734 ordine
2853 3667 3028 3753 judi-

788 3778 993 3844 ciario
1028 3774 1155 3858 ipsi
1186 3774 1592 3843 Monasterio
1627 3774 1858 3842 Sancti
1889 3775 2153 3843 Martini
2183 3775 2582 3842 restituimus
2631 3795 2750 3842 seu
2801 3777 3024 3843 statui-

787 3904 927 3953 mus
960 3885 1027 3951 in
1060 3902 1227 3967 pace
1249 3881 1642 3969 habendam,
1669 3886 2025 3951 tenendam
2057 3891 2124 3950 et
2143 3883 2636 3972 possidendam.
2671 3884 3018 3952 Presentes

790 4001 1007 4062 autem
1030 3983 1297 4080 propter
1335 3994 1648 4060 maiorem
1683 3994 1781 4060 rei
1812 3996 2135 4061 cautelam
2184 3993 2405 4077 sigillo
2439 3992 2786 4079 prescripti
2816 3995 3027 4082 predi-

793 4107 879 4170 cti
899 4102 1200 4188 Magistri
1219 4104 1482 4170 Iwance
1501 4101 1744 4168 domini
1763 4103 1970 4171 nostri
2001 4102 2274 4169 fecimus
2296 4103 2595 4187 sigillari.
2618 4101 2859 4172 Datum
2879 4104 3028 4171 sab·

791 4212 994 4279 batho
1025 4209 1323 4296 proximo
1362 4216 1514 4294 post
1542 4209 1779 4276 festum
1807 4210 2079 4297 Mathey
2099 4211 2400 4296 Apostoli
2431 4230 2601 4277 anno
2634 4210 2900 4279 Domini
2931 4210 3029 4279 M⁰

792 4319 932 4390 00⁰
959 4319 1384 4406 nonagesimo
1427 4324 1682 4403 quarto.

793 4481 871 4552 (A
913 4481 1174 4554 somogyi
1217 4497 1296 4536 sz.
1344 4479 1551 4555 egyedi
1597 4480 1859 4538 konvent
1881 4479 2105 4537 HIS-ki
2152 4479 2484 4552 atiratabol,
2525 4481 2675 4553 mely
2703 4482 2968 4539 6riztetik
2996 4501 3032 4539 a

1323 4586 1404 4624 sz.
1431 4568 1675 4627 mal-toni
1693 4567 2008 4645 fo'apatsag
2033 4569 2486 4637 leveltaraban.)
