3416 5313
1775 1093 1880 1160 31.

710 1291 1017 1356 Lodome'r
1067 1293 1429 1377 eszterqami
1489 1291 1660 1356 ἐνεοῖς
1710 1291 1849 1355 t‘o'bb
1897 1289 2165 1354 karchai
2227 1287 2430 1352 lakost
2475 1287 2680 1353 arselci
2727 1311 2959 1354 nemes-

987 1408 993 1413 '
1521 1401 1692 1485 scyra
1723 1398 1891 1463 emel.
1940 1399 2137 1462 1291.

921 1617 1057 1683 Nos
1108 1613 1533 1683 Lodomerius
1597 1615 2031 1682 miseracione
2087 1612 2331 1680 Divina
2398 1610 2956 1696 Archiepiscopus

707 1719 1178 1804 Strigoniensis
1201 1771 1219 1805 ,
1272 1721 1530 1804 locique
1562 1723 1858 1808 ejusdem
1892 1723 2129 1790 Comes
2167 1726 2533 1807 perpetuus
2556 1769 2572 1802 ‚
2626 1717 2958 1802 significa-

706 1850 849 1898 mus
904 1831 1227 1898 universis
1283 1829 1690 1914 presencium
1749 1831 2052 1897 noticiam
2086 1828 2410 1896 habituris
2431 1876 2450 1911 ‚
2503 1826 2678 1910 quod
2709 1847 2831 1894 nos
2864 1831 2959 1894 in-

705 1937 1114 2005 terveniente
1166 1935 1556 2004 auctoritate
1591 1943 1657 2004 et
1691 1956 2014 2004 consensu
2068 1937 2311 2003 domini
2349 1935 2552 2020 Regis
2583 1935 2958 2004 Johannem

701 2042 899 2111 filium
931 2044 1254 2129 Mauricij,
1290 2043 1518 2111 Bodou
1548 2044 1754 2111 filium
1776 2042 2141 2127 Michaelis,
2164 2043 2481 2112 Jacobum
2502 2040 2704 2110 filium
2739 2042 2955 2127 Pauli,

700 2160 766 2220 et
797 2156 1072 2221 alterum
1091 2154 1128 2218 J
1137 2170 1416 2219 oannem
1441 2151 1526 2217 de
1546 2153 1839 2238 Karcha‚
1865 2172 2004 2218 cum
2031 2153 2331 2218 omnibus
2357 2151 2551 2221 terris
2587 2158 2656 2218 et
2684 2168 2954 2238 posses-

699 2261 990 2328 sionibus
1022 2259 1364 2345 universis‚
1400 2259 1624 2327 habito
1662 2260 1939 2328 consilio
1973 2259 2249 2326 fratrum
2301 2266 2670 2326 nostrorum
2704 2259 2956 2343 capitu-

700 2367 934 2435 larium
969 2369 1213 2434 Sancte
1236 2368 1702 2451 Strigoniensis
1725 2368 2037 2451 Ecclesie,
2060 2369 2128 2433 in
2159 2386 2495 2435 numerum
2520 2375 2586 2433 et
2606 2369 2955 2452 collegium

702 2475 1021 2541 nobilium
1054 2474 1488 2560 .jobagionum
1524 2483 1888 2542 nostrorum
1927 2474 2605 2561 Archiepiscopalium
2639 2475 2953 2542 duximus

702 2581 1006 2648 duximus
1030 2579 1204 2668 (igy)
1228 2583 1714 2669 aggregandos,
1748 2584 2046 2651 volentes
2069 2589 2134 2648 et
2166 2584 2517 2650 autoritate
2536 2585 2954 2668 presencium

701 2689 1117 2757 declarantes
1139 2742 1154 2773 ‚
1207 2702 1277 2756 ut
1309 2710 1429 2756 nec
1481 2709 1752 2776 pensum
1774 2740 1791 2773 ‚
1845 2711 1967 2757 nec
2001 2693 2353 2775 terragium
2375 2741 2393 2767 ,
2445 2711 2570 2759 nec
2605 2693 2955 2760 collectam

703 2797 989 2883 Regiam
1020 2800 1128 2865 vel
1159 2800 1448 2881 aliquam
1503 2799 1927 2866 exaccionem
1966 2800 2099 2867 ullo
2131 2817 2417 2881 unquam
2464 2808 2763 2885 tempore
2814 2808 2955 2866 tam

700 2906 849 2989 ipsi,
887 2925 1083 2989 quam
1116 2925 1338 2972 eorum
1359 2907 1607 2991 posteri
1635 2908 1825 2973 nobis
1856 2909 1963 2974 vel
1981 2907 2229 2976 nostris
2262 2908 2762 2975 successoribus
2786 2909 2953 2978 dare

701 3020 766 3080 et
797 3015 1052 3082 solvere
1083 3011 1447 3095 teneantur,
1483 3015 1603 3081 sed
1633 3014 2108 3090 illa,libertatis
2127 3015 2551 3099 prerogativa
2582 3016 2949 3100 gaudeant,

700 3142 828 3205 qua
861 3121 979 3188 alii
1001 3121 1402 3207 jobagiones
1454 3124 1662 3188 nostri
1693 3122 2310 3209 Archiepiscopales
2342 3125 2675 3206 gaudent,
2714 3131 2781 3191 et
2814 3122 2948 3191 fru-

697 3236 914 3295 untur.
960 3231 1100 3297 Nec
1131 3231 1258 3296 hoc
1289 3229 1829 3313 pretermittimus
1848 3279 1867 3308 ,
1919 3230 2097 3312 quod
2126 3231 2370 3297 nullius
2392 3231 2645 3315 judicis
2669 3232 2944 3317 judicio

696 3338 964 3408 adstare
993 3344 1362 3421 teneantur,
1398 3339 1529 3405 nisi
1558 3346 1781 3406 nostro
1803 3336 2098 3424 judicio,
2134 3340 2239 3404 vel
2272 3339 2561 3407 Palatini
2593 3340 2796 3408 Gurie
2831 3361 2951 3407 no-

697 3453 833 3513 stre
863 3467 981 3531 pro
1015 3455 1308 3531 tempore
1342 3448 1698 3513 constituti.
1752 3447 1827 3511 In
1859 3445 2039 3510 cuius
2065 3446 2163 3511 rei
2191 3446 2571 3512 memoriam
2610 3456 2679 3514 et
2710 3468 2951 3536 perpe·

694 3564 879 3622 tuam
910 3554 1285 3620 firmitatem
1336 3562 1682 3641 presentes
1715 3553 1859 3620 dari
1891 3554 2165 3621 fecimus
2198 3554 2453 3623 litteras
2503 3557 2709 3640 sigilli
2740 3560 2956 3626 nostri

696 3663 1053 3730 authentici
1086 3661 1437 3730 munimine
1469 3664 1835 3731 roboratas.
1892 3663 2132 3728 Datum
2166 3664 2431 3730 Posonii
2463 3684 2636 3731 anno
2671 3667 2944 3754 Domini

693 3770 777 3836 M.
815 3769 938 3836 GC.
973 3769 1145 3837 XCI.
1179 3772 1246 3835 in
1280 3767 1450 3838 festo
1483 3769 1868 3838 Nativitatis
1902 3770 2109 3836 Beate
2143 3769 2432 3854 Virginis
2466 3772 2700 3839 Marie.

697 3974 903 4045 (sanos
929 3983 1274 4056 esztergami
1301 3981 1585 4042 erseknek
1611 3982 1769 4042 1394.
1797 3982 1891 4041 dvi
1915 3979 2242 4050 atirataboL
2269 3984 2421 4055 mely
2457 3982 2820 4059 Bacsfalvay
2844 3982 2948 4045 Ja-

1299 4089 1405 4127 nos
1429 4070 1617 4129 tirnak
1639 4072 1959 4144 tulajdona.
1986 4072 2139 4142 Naqy
2159 4070 2328 4138 Ιυώη.)

1547 4364 2072 4377 ...mm-„3
