3416 5313
1847 394 1983 460 242

786 592 1131 673 macionis,
1166 591 1485 661 videlicet
1517 612 1635 677 pro
1670 599 1917 674 quanta
1949 611 2249 676 sumpma
2281 591 2565 677 pecunie
2595 590 2743 676 ipsa
2775 610 3046 678 posses-

787 701 885 768 sio
921 702 1228 769 estimata
1261 699 1486 782 fuerit,
1539 697 1802 767 domino
1834 699 1999 784 Regi
2030 699 2315 766 finaliter
2349 698 2744 766 rescribatis,
2779 696 3041 764 Datum

783 808 966 877 Bude
997 807 1276 896 septimo
1311 808 1417 874 die
1452 816 1840 877 octauarum
1883 808 2073 875 Beati
2106 808 2370 877 Martini
2404 805 2817 875 Confessoris
2853 826 3040 872 anno

787 916 1047 986 Domini
1078 918 1179 983 Μο
1212 917 1353 984 CC⁰
1384 917 1811 1002 nonagesimo
1854 938 2046 985 nono.

928 1114 1153 1179 Jeyyzet.
1180 1109 1549 1183 B6rhartyan
1575 1111 1699 1166 kelt
1725 1110 1852 1167 zart
1875 1109 2045 1178 level,
2072 1108 2289 1202 hatirat
2314 1109 2531 1176 nelkiil,
2559 1105 2792 1182 pecsete
2821 1107 3034 1164 eltiint.

788 1201 840 1256 A
866 1199 1082 1257 kekko'i
1106 1198 1504 1257 leveltarban:
1533 1202 1698 1257 Fasc.
1732 1201 1779 1256 1.
1805 1199 1942 1257 Nro.
1972 1200 2055 1256 11.
2096 1202 2259 1269 Erdy.

1841 2045 2000 2111 156.

786 2223 849 2291 A
866 2174 1177 2312 pozsohyi
1196 2228 1456 2314 presspost
1488 2200 1660 2310 saja‘t
1714 2227 1776 2288 (ἵε
1807 2224 2190 2310 kdptalanja
2220 2224 2481 2288 nevc'ben
2511 2224 2723 2309 Nyaki
2769 2221 3035 2302 Miklds,

801 2331 987 2396 Veres
1016 2331 1204 2394 Peter
1224 2380 1244 2415 ,
1296 2329 1447 2393 Bod
1479 2328 1717 2393 Miklo‘s
1749 2332 1812 2393 e's
1842 2328 2058 2392 Pakai
2097 2329 2331 2395 Tamais
2363 2328 2521 2394 ellan
2538 2381 2557 2417 ,
2605 2330 2718 2394 kik
2751 2327 3037 2394 Chaladr-

1050 2435 1282 2522 falvcit
1315 2435 1829 2502 erb'hatalommal
1860 2434 2264 2521 elfoqlaltdk.
2298 2438 2760 2501 1-290—1299.
3113 2426 3126 2436 ⁸

1000 2634 1141 2701 Nos
1177 2631 1552 2718 Capitulum
1588 2632 1888 2702 Ecclesie
1920 2634 1959 2700 J
1966 2633 2291 2701 auriensis
2343 2631 2573 2702 damus
2624 2655 2741 2721 pro
2791 2654 3034 2702 memo·

787 2740 921 2825 ria,
975 2741 1151 2823 quod
1183 2742 1574 2810 constitutus
1626 2764 1847 2809 coram
1898 2742 2090 2810 nobis
2127 2743 2532 2811 honorabilis
2581 2743 2684 2811 vir
2715 2744 3037 2824 magister

788 2848 1199 2933 Seraphinus
1254 2851 1639 2933 Prepositus
1691 2848 2116 2917 Posoniensis
2169 2850 2431 2916 nomine
2476 2870 2594 2917 suo
2648 2856 2713 2916 et
2765 2850 3032 2916 nomine

792 2956 1085 3040 Capituli
1131 2956 1430 3024 Ecclesie
1461 2976 1577 3023 sue
1597 3009 1615 3042 ,
1668 2977 1790 3023 sua
1822 2956 2011 3025 nobis
2044 2958 2532 3041 protestacione
2572 2957 3036 3024 demonstrare

791 3065 1044 3131 curauit
1076 3072 1142 3131 et
1177 3064 1364 3149 dixit,
1389 3065 1562 3148 quod
1594 3085 1738 3131 cum
1769 3066 2108 3152 possessio
2143 3067 2419 3148 quedam
2441 3067 2682 3148 Turne,
2717 3084 2834 3132 seu
2857 3063 3029 3133 Chu-

786 3173 1129 3242 karfoluua
1162 3170 1337 3261 (igy)
1370 3181 1645 3258 vocata,
1682 3176 1751 3240 in
1785 3177 2116 3243 Comitatu
2145 3176 2537 3242 Posoniensi
2578 3175 2868 3241 existens
2890 3225 2906 3257 ‚
2942 3173 3034 3239 ad

790 3280 1157 3346 Ecclesiam
1210 3300 1396 3347 suam
1431 3282 1897 3348 Posoniensem
1947 3282 2348 3365 pertineret,
2402 3280 2567 3346 etin
2619 3281 3035 3365 corporalem

787 3387 1275 3474 possessionem
1310 3386 1483 3454 dicte
1515 3390 1954 3472 possessionis
1988 3390 2368 3473 Prepositus
2403 3397 2469 3457 et
2501 3388 2874 3475 Capitulum
2909 3390 3034 3455 Ec-

788 3494 987 3562 clesie
1009 3496 1429 3564 Posoniensis
1451 3497 1540 3563 ad
1560 3497 1943 3564 mandatum
1965 3502 2032 3562 et
2049 3502 2432 3582 preceptum
2453 3495 2698 3565 domini
2718 3498 2919 3582 Regis
2941 3499 3036 3561 in-

787 3602 970 3670 ducti
1002 3601 1321 3682 fuissent,
1374 3607 1441 3667 et
1466 3601 1760 3694 pluribus
1811 3603 2002 3667 annis
2036 3604 2308 3687 pacifice
2359 3623 2508 3670 eam
2541 3604 3034 3688 possedissent3

787 3710 1106 3777 Nicolaus
1139 3707 1309 3776 filius
1340 3709 1653 3775 Johanka
1688 3703 1862 3796 (igy)
1898 3708 1978 3775 de
2011 3709 2179 3792 Nek,
2217 3709 2448 3777 Petrus
2481 3709 2692 3776 Rufus
2713 3760 2732 3795 ,
2780 3711 3036 3777 Chama

788 3818 872 3886 de
903 3815 1097 3884 Paka
1129 3823 1196 3883 et
1225 3814 1537 3883 Nicolaus
1574 3815 1789 3882 dictus
1823 3816 1989 3901 Bud,
2038 3818 2311 3885 Nobiles
2345 3818 2433 3885 de
2466 3817 2801 3886 Comitatu
2830 3819 3036 3886 Poso-

786 3923 999 3990 niensi
1052 3923 1238 4007 ipsos
1269 3924 1680 4009 Prepositum
1734 3931 1799 3990 et
1833 3924 2208 4010 Capitulum
2261 3926 2343 3992 de
2392 3925 2823 4011 possessione
2874 3927 3032 4009 ipsa

788 4035 1016 4097 contra
1050 4030 1258 4098 Deum
1292 4041 1356 4100 et
1381 4035 1728 4118 justiciam
1750 4084 1767 4119 ,
1801 4055 1932 4101 non
1967 4035 2386 4102 obstantibus
2428 4035 2665 4103 litteris
2698 4041 2765 4101 et
2795 4035 3034 4103 instru-

786 4138 1063 4221 mentis,
1102 4138 1313 4205 eciam
1366 4161 1407 4207 a
1441 4162 1514 4209 se
1547 4142 1713 4225 ipsis
1770 4140 2021 4210 eisdem
2050 4144 2423 4227 concessis,
2476 4164 2598 4228 per
2647 4143 3032 4228 potenciam

783 4245 1087 4330 magistri
1118 4247 1369 4313 Mathei
1401 4246 1484 4315 de
1516 4248 1898 4318 Trinchinio
1955 4258 2023 4316 et
2057 4251 2329 4318 Comitis
2363 4252 2787 4318 Posoniensis
2828 4269 3033 4333 expu-

783 4353 1018 4420 lissent
1052 4357 1117 4416 et
1149 4355 1521 4441 eiecissent,
1555 4357 1769 4442 ipsam
1799 4357 1928 4426 sibi
1961 4358 2452 4442 possessionem
2480 4359 2907 4444 occupando;
2944 4377 3033 4424 ex

787 4479 917 4543 qua
979 4460 1367 4546 expulsione
1418 4470 1482 4529 et
1545 4464 1986 4547 vsurpacione
2038 4465 2343 4533 Ecclesia
2400 4468 2550 4550 ipsa
2599 4465 3032 4534 Posoniensis

785 4565 1074 4651 dampna
1105 4589 1353 4655 magna
1386 4576 1452 4633 et
1482 4571 1722 4654 grauia
1744 4620 1762 4655 ‚
1818 4590 1897 4636 ac
1929 4571 2239 4638 iniuriam
2276 4593 2410 4639 non
2444 4572 2773 4639 modicam
2824 4592 3036 4656 passa

784 4675 1131 4745 extitisset.
1181 4679 1260 4745 In
1292 4677 1475 4746 cuius
1509 4679 2027 4762 protestacionis
2058 4679 2508 4749 testimonium·
2542 4687 2904 4764 presentes,
2938 4680 3036 4746 ad
