3416 5313
1939 376 2070 479 10a

831 568 1141 637 studeant
1198 579 1264 639 et
1312 572 1519 657 tueri,
1573 571 1817 658 tibique
1853 595 2049 659 super
2102 575 2234 642 illis
2285 584 2600 660 tanquam
2652 580 3069 645 devotissime

833 681 1024 747 Sedis
1074 683 1456 765 Apostolice
1508 682 1640 750 filie
1692 705 1765 749 se
1814 685 2102 753 reddant
2155 687 2561 754 favorabiles
2614 694 2681 754 et
2729 690 3067 773 benignos,

828 789 1063 874 quibus
1104 797 1237 855 tam
1290 810 1489 876 super
1537 812 1721 859 mora
1747 800 1892 874 tua,
1934 814 2132 879 quam
2182 814 2380 879 super
2432 799 2608 864 exitu
2644 798 2727 863 de
2778 797 3072 881 Ungarie

829 897 1128 984 partibus
1186 899 1446 984 aperire
1500 901 1748 985 poteris
1805 907 2024 969 votum
2058 910 2253 969 tuum.
2305 905 2547 970 Datum
2585 906 2767 991 apud
2799 905 3071 974 Urbem-

829 1008 1132 1075 Veterem
1165 1009 1241 1074 V.
1276 1007 1435 1075 Idus
1469 1008 1896 1094 Septembris,
1949 1012 2367 1081 Pontificatus
2405 1016 2611 1079 nostri
2645 1035 2819 1081 anno
2851 1016 3069 1081 tertio.

829 1220 948 1291 (IV.
977 1223 1189 1279 Miklos
1215 1222 1371 1296 papa
1394 1224 1794 1297 Regestaibol,
1822 1228 2074 1285 Theiner
2099 1228 2477 1285 Monumenta
2503 1229 2613 1286 stb.
2641 1230 2683 1284 Ι.
2709 1230 2828 1285 kot.
2857 1230 2980 1287 369.
3005 1228 3071 1300 l.)

835 2327 953 2393 IV.
988 2327 1225 2393 Miklds
1245 2334 1431 2415 pdpa
1465 2330 1829 2396 Benvenuto
1861 2334 2156 2419 euyubiai
2174 2337 2543 2423 pilspo'knelc
2574 2340 2635 2401 e's
2667 2339 2937 2422 apostoli
2969 2339 3071 2401 ko·-

831 2437 1065 2520 vetnek,
1105 2461 1137 2500 s
1166 2438 1472 2503 Lodome‘r
1506 2443 1872 2526 eszteryami
1906 2444 2200 2507 erselcnck
2230 2445 2621 2531 mcyhaqyja,
2671 2446 2830 2533 hoyy
2858 2448 3071 2510 Erzse'-

832 2546 927 2609 bet
959 2545 1477 2634 &zvcyykirdlyne'
1510 2550 1830 2635 joqainalc
1878 2552 1939 2614 4⁸
1969 2551 2335 2616 §rdekeinek
2372 2552 2886 2637 fenntartdsdrdl
2932 2577 3073 2639 yon-

1602 2658 2063 2743 doskodjanalc.
2097 2662 2290 2728 1290.

1006 2927 1010 2931 .
1057 2872 1376 2943 Nicolaus
1425 2873 1798 2961 Episcopus
1851 2895 2080 2944 seruus
2131 2825 2468 2945 seruorum
2523 2879 2651 2944 Dei
2707 2879 3045 2947 venerabil

833 2982 1020 3049 fratri
1053 2984 1126 3048 Β.
1159 2984 1490 3069 Episcopo
1525 2983 1871 3069 Eugubino
1892 3036 1908 3069 ,
1960 2986 2341 3071 Apostolice
2376 2988 2569 3055 Sedis
2602 2991 2863 3073 Legato
2900 2990 3066 3054 salu-

832 3097 959 3168 tem
993 3099 1058 3159 et
1089 3092 1536 3177 Apostolicam
1568 3094 2122 3162 benedictionem.
2179 3096 2337 3161 Cum
2373 3104 2437 3164 te
2471 3096 2561 3163 ad
2598 3098 2812 3182 Regni
2844 3106 3068 3183 partes

831 3202 1124 3287 Ungarie
1145 3251 1162 3286 ,
1196 3202 1261 3268 in
1294 3219 1421 3284 quo
1442 3253 1459 3284 ,
1513 3210 1578 3267 et
1606 3203 1676 3268 in
1710 3203 2047 3270 nonnullis
2081 3206 2235 3271 aliis
2268 3205 2505 3270 vicinis
2559 3205 2656 3271 illi
2687 3207 3070 3289 provinciis,

830 3311 1178 3378 commisso
1212 3311 1333 3378 tibi
1366 3311 1564 3396 plene
1621 3313 1977 3394 legationis
2030 3311 2286 3398 offici0,
2337 3313 2734 3382 fiducialiter
2788 3316 3071 3382 destine-

825 3441 969 3489 mus
991 3471 1009 3506 ,
1044 3429 1113 3488 et
1144 3421 1699 3505 intellexerimus,
1757 3422 1935 3505 quod
1967 3422 2297 3503 quondam
2332 3473 2345 3487 .
2382 3472 2397 3489 .
2435 3473 2448 3487 .
2481 3423 2626 3488 Rex
2659 3422 2951 3506 Ungarie
2986 3424 3069 3491 de

826 3531 1044 3599 medio
1079 3531 1164 3596 sit
1197 3531 1516 3614 sublatae,
1554 3548 1676 3596 nos
1712 3531 1803 3596 ad
1855 3531 2261 3597 carissimam
2318 3533 2383 3598 in
2419 3531 2680 3598 Christo
2714 3529 2915 3597 filiam
2952 3552 3062 3596 no-

825 3647 1029 3707 stram
1063 3640 1136 3705 E.
1185 3639 1503 3722 Reginam
1538 3637 1833 3721 Ungarie
1867 3637 2195 3708 Illustrem
2218 3687 2237 3722 ,
2271 3645 2496 3705 natam
2547 3638 2723 3706 clare
2763 3640 3071 3707 memorie

829 3750 1050 3818 Caroli
1100 3747 1303 3834 Regis
1356 3747 1622 3824 Sicilie,
1677 3766 1879 3832 super
1929 3748 2266 3816 doloribus
2316 3755 2382 3814 et
2422 3745 2887 3816 afflictionibus
2937 3749 3070 3816 suis

826 3865 1130 3946 gerentes
1161 3864 1435 3942 paterne
1457 3856 1939 3942 compassionis
1961 3855 2285 3940 affectum,
2322 3857 2626 3925 volumus
2649 3863 2716 3922 et
2747 3876 2863 3942 per
2899 3856 3069 3942 Apo-

828 3964 1063 4034 stolica
1092 3966 1213 4033 tibi
1245 3966 1492 4051 scripta
1524 3965 1912 4033 mandamus
1934 4017 1952 4052 ,
2006 3973 2327 4050 quatenus
2379 3987 2501 4052 pro
2534 3972 2766 4034 nostra
2806 3973 2871 4031 et
2901 3967 3073 4051 Apo-

829 4075 1064 4142 stolice
1097 4075 1293 4150 Sedis
1344 4075 1721 4141 reverentia
1772 4076 2092 4158 Reginam
2125 4075 2341 4159 ipsam
2393 4075 2645 4142 habens
2679 4075 3071 4161 propensius

827 4185 1374 4270 commendatam,
1410 4183 1704 4269 benigne
1738 4192 1804 4252 te
1836 4204 2068 4267 gerere
2121 4185 2390 4252 studeas
2426 4186 2603 4252 circa
2635 4205 2803 4271 eam,
2839 4183 3073 4252 dotali·

823 4296 917 4363 tia
948 4301 1014 4360 et
1044 4294 1172 4361 alia
1205 4295 1384 4366 bona
1428 4299 1493 4359 et
1522 4293 1667 4360 iura
1703 4293 1913 4378 ipsius
1947 4293 2431 4359 manutenendo
2466 4294 2745 4363 sollicite
2778 4314 2858 4360 ac
2890 4294 3069 4360 favo-

821 4403 1120 4474 rabiliter
1178 4401 1636 4486 defendend03
1684 4403 1869 4468 illam
1921 4401 1987 4465 in
2037 4401 2167 4467 hiis
2217 4400 2584 4469 efficaciam
2634 4402 3072 4487 impensurus,

822 4521 893 4581 ut
923 4511 1219 4600 predicta
1252 4511 1510 4595 Regina
1569 4512 1662 4578 tui
1693 4510 1950 4580 favoris
1984 4510 2293 4594 auxilium
2330 4508 2456 4579 sibi
2491 4509 2739 4577 sentiat
2785 4511 3074 4596 profutu-

820 4643 983 4708 rum,
1014 4630 1213 4706 tuque
1244 4621 1523 4709 proinde
1555 4622 1775 4708 possis
1808 4641 1851 4687 a
1882 4621 2073 4690 nobis
2095 4641 2229 4692 non
2250 4620 2571 4690 immerito
2611 4620 3069 4690 commendari.

823 4734 1127 4808 Ceterum
1156 4733 1477 4816 volumus,
1510 4737 1578 4799 ut
1611 4730 1694 4798 de
1732 4730 2095 4799 intentione
2127 4730 2334 4816 ipsius
2366 4732 2624 4815 Regine
2658 4749 2851 4816 super
2887 4750 3073 4798 mora
