3416 5313
1334 474 1353 481 Ὀ
1420 371 1547 443 133

356 572 532 640 Petri
566 579 629 639 et
661 572 932 639 Lotario
968 572 1103 639 filio
1145 573 1437 641 eiusdem
1468 571 1722 642 Thome
1752 574 1838 638 ab
1873 574 2126 655 altera;
2179 575 2408 642 eedem
2442 594 2588 659 par-

357 691 458 749 tes
493 701 534 745 a
566 680 757 746 nobis
787 681 1182 747 vuanimiter
1213 701 1296 766 pe
1315 690 1562 765 tentes,
1602 688 1670 747 ut
1702 681 1939 749 seriem
1970 681 2328 749 litterarum
2359 688 2588 767 paten-

359 790 531 856 cium
563 789 828 855 Abrahe
868 789 1027 855 dieti
1058 787 1232 855 Ruffi
1287 790 1567 859 curialis
1600 788 1877 858 Comitis
1918 789 2372 874 Posoniensis‚
2426 808 2590 872 quas

355 897 550 966 nobis
584 896 1034 981 exhibuerunt,
1084 898 1327 965 nostris
1369 896 1600 964 litteris
1634 897 2153 982 priuilegialibus
2189 897 2384 965 inseri
2413 896 2588 965 face-

356 1025 601 1074 remus.
632 1005 917 1084 Quarum
952 1011 1139 1071 tenor
1168 1006 1325 1072 talis
1356 1012 1460 1073 est
1492 1028 1507 1069 ε

571 1114 709 1183 Nos
741 1113 1073 1182 Abraham
1122 1115 1328 1183 Rufus
1361 1114 1645 1183 Gurialis
1682 1114 1777 1182 Go
1797 1133 1937 1181 mes
1986 1112 2409 1182 Posoniensis
2461 1113 2588 1180 stb.

359 1222 526 1290 (mint
545 1219 723 1278 alsbb
749 1221 838 1277 91.
875 1239 953 1275 sz.
979 1222 1060 1281 a.)

565 1318 703 1382 Nos
734 1333 890 1381 nero
921 1312 1108 1380 iustis
1141 1322 1255 1398 pet
1298 1314 1623 1381 icionibus
1656 1314 1941 1396 ipsorum
1970 1317 2356 1397 annuentes,
2391 1318 2464 1377 ut
2480 1330 2597 1396 pre

356 1443 511 1491 sens
545 1420 881 1492 ordinacio
913 1428 980 1486 et
1013 1419 1411 1505 composicio
1462 1419 1671 1507 magis
1706 1428 1856 1488 rata
1888 1421 1975 1487 sit
2008 1426 2075 1487 et
2104 1419 2289 1488 firma
2308 1471 2327 1505 ,
2358 1416 2592 1487 seriem

354 1531 567 1598 tocius
589 1527 749 1596 facti
781 1529 1024 1596 nostris
1047 1529 1278 1596 litteris
1311 1529 1845 1614 priuilegialibus
1868 1530 1951 1596 de
1984 1528 2182 1595 uerbo
2214 1528 2303 1594 ad
2323 1528 2593 1596 uerbum

355 1638 562 1709 inseri
595 1637 868 1704 fecimus
901 1634 1269 1722 diligenter,
1300 1645 1494 1725 prout
1518 1639 1583 1702 in
1621 1637 1872 1705 litteris
1906 1636 2114 1724 ipsius
2132 1635 2395 1702 Abrahe
2434 1635 2593 1702 dicti

357 1746 529 1815 Ruffi
560 1746 847 1816 Curialis
875 1746 1146 1814 Comitis
1173 1745 1596 1815 Posoniensis
1616 1746 1900 1813 vidimus
1931 1744 2267 1814 contineri.
2301 1748 2378 1812 In
2409 1744 2592 1811 euius

357 1858 454 1924 rei
486 1852 868 1921 memoriam
907 1860 1248 1939 presentes
1279 1855 1579 1922 dedimus
1613 1856 1868 1922 litteras
1903 1854 2105 1936 sigilli
2145 1853 2353 1920 nostri
2383 1851 2588 1919 muni-

353 1966 526 2031 mine
559 1963 919 2031 roboratas.
971 1961 1210 2030 Datum
1262 1964 1565 2046 proxima
1596 1962 1887 2031 secunda
1939 1961 2101 2030 feria
2133 1970 2286 2028 ante
2344 1961 2581 2029 festum

355 2073 547 2142 Beati
575 2072 923 2158 Laurencij
976 2072 1264 2139 martiris
1284 2120 1301 2155 ,
1361 2094 1534 2140 anno
1564 2070 1834 2140 Domini
1894 2069 2240 2138 millesimo
2293 2070 2594 2138 ducente·

356 2182 521 2247 simo
551 2180 975 2266 nonagesimo
1017 2184 1259 2263 quinto.

1149 2361 1226 2425 A.
1443 2360 1517 2425 Β.
1734 2358 1832 2425 0.·

352 2555 627 2628 (Ηάῆγα.
666 2555 980 2610 Voroszold
1008 2556 1264 2627 selymen
1292 2553 1435 2630 fiigg
1462 2574 1497 2611 a
1523 2552 1652 2629 meg
1677 2551 1749 2626 dp
1778 2554 1993 2627 pecset.
2022 2554 2594 2628 Pozsonykaptalani

596 2644 863 2720 orszzigos
889 2644 1136 2704 levelthr
1162 2644 1353 2718 Capsa
1372 2645 1509 2701 XIV
1512 2689 1525 2703 .
1555 2646 1722 2702 Fasc.
1747 2646 1799 2700 2.
1828 2645 1965 2704 Nro.
1995 2648 2084 2703 23.
2121 2645 2347 2719 Knauz.)
