3416 5313
1901 1004 2021 1072 5⁹.

847 1206 910 1273 A
941 1205 1187 1292 tihanyi
1235 1203 1505 1267 konvent
1553 1199 2079 1288 bizonysdylevele
2096 1254 2115 1289 ‚
2164 1200 2323 1289 hoyy
2354 1200 2594 1284 Bonch,
2628 1178 2907 1291 Ᾰροειοη
2937 1227 3105 1272 vetz-

836 1316 1048 1407 pre'mi
1067 1311 1356 1378 kanonok
1388 1312 1662 1393 testv6re,
1685 1309 2076 1373 Mdrtovtnak
2095 1312 2436 1395 veszpre'mi
2455 1312 3101 1400 praebendariusnak

847 1428 910 1491 6⁸
940 1419 1319 1489 testoe‘re'nek
1368 1419 1704 1486 Jcinasnak
1748 1416 2069 1504 Veezp.›·4m
2101 1418 2417 1483 vetrosban
2467 1419 2603 1484 ἰόυὸ
2629 1421 2817 1485 kdzdt
2862 1419 3101 1486 eladta.

1881 1528 2076 1592 1293.

1064 1730 1300 1798 Frater
1329 1724 1716 1815 Reynoldus
1748 1721 1994 1790 Dinina
2025 1724 2455 1792 miseracione
2504 1724 2733 1792 Abbas
2763 1727 3097 1793 Monaste-

850 1839 931 1928 rij
964 1838 1160 1907 Beati
1195 1834 1437 1905 Aniani
1490 1835 1573 1901 de
1607 1831 1930 1900 Thiconio
1965 1840 2031 1898 et
2061 1831 2440 1900 conuentus
2473 1832 2600 1899 loci
2633 1834 2930 1900 eiusdem
2963 1854 3089 1899 om-

850 1948 1044 2017 nibus
1078 1947 1316 2014 Christi
1364 1943 1670 2012 fidelibus
1707 1961 1981 2028 presens
2020 1941 2332 2028 scriptum
2381 1942 2785 2009 intuentibus
2819 1945 3101 2012 salutem

852 2059 921 2124 in
951 2056 1236 2125 Domino
1269 2054 1758 2141 sempiternam.
1810 2049 2129 2130 Quoniam
2158 2102 2177 2137 ,
2217 2056 2286 2115 ut
2321 2042 2435 2117 *ait
2479 2054 2784 2137 sapiens,
2835 2059 3096 2138 tempus

852 2186 1032 2236 more
1081 2161 1235 2247 flwij
1289 2181 1479 2230 cursu
1528 2161 1814 2227 volvitur
1863 2157 2199 2234 instabili,
2268 2157 2435 2227 adeo
2485 2165 2676 2225 caute
2733 2159 3092 2226 discretum

861 2282 983 2352 est,
1016 2280 1088 2340 ut
1119 2291 1221 2358 ea,
1255 2291 1381 2356 que
1413 2268 1913 2336 racionabiliter
1943 2274 2274 2352 geruntur,
2323 2266 2685 2335 litterarum
2717 2267 3096 2336 testimonio

857 2385 1167 2451 memorie
1190 2378 1740 2448 commendentur.
1764 2375 2050 2445 Proinde
2070 2376 2160 2443 ad
2179 2376 2628 2444 vniuersorum
2650 2379 2961 2445 noticiam
2981 2376 3097 2442 ha-

866 2510 1005 2557 rum
1057 2490 1228 2558 serie
1275 2488 1574 2556 volumus
1623 2484 2016 2571 pervenire:
2068 2483 2241 2568 quod
2275 2483 2525 2559 Bonch,
2576 2483 2779 2552 frater
2831 2486 3103 2555 discreti

857 2598 982 2666 viri
1037 2597 1342 2685 magistri
1374 2593 1722 2682 Augustini
1756 2594 2071 2663 canonici
2112 2592 2404 2662 Ecclesie
2438 2580 2975 2679 Wesprimiensis
3011 2598 3100 2667 ab

860 2727 996 2774 una
1028 2712 1217 2796 parte
1238 2758 1257 2793 ,
1311 2712 1380 2774 et
1413 2706 1730 2792 magister
1764 2704 2087 2772 Martinus
2118 2699 2594 2791 prebendarius
2632 2705 2928 2790 predicte
2959 2710 3095 2775 Ec-

855 2817 1057 2885 clesie
1086 2813 1623 2901 wesprimiensis
1656 2821 1724 2880 et
1774 2813 2113 2881 Johannes
2148 2813 2350 2878 frater
2404 2831 2558 2878 suus
2600 2814 2686 2879 ab
2739 2816 2973 2899 altera,
3026 2819 3093 2884 in

859 2925 1062 2992 nostri
1096 2923 1543 3010 personaliter·
1585 2920 1931 3009 presencia
1966 2918 2341 3003 constituti,
2396 2917 2570 2985 idem
2621 2919 2847 2988 Bonch
2899 2941 3099 3006 quan·

863 3035 1017 3102 dam
1048 3032 1409 3101 sessionem
1461 3050 1653 3099 suam
1697 3027 2078 3116 Wesprimii
2130 3027 2252 3097 sub
2282 3036 2505 3096 monte
2561 3029 2864 3097 Ecclesie
2914 3031 3104 3100 Beati

859 3143 1124 3212 Nicolai
1158 3141 1566 3209 Confessoris
1625 3140 2052 3223 existentem,
2090 3139 2194 3204 cui
2228 3160 2271 3206 a
2303 3144 2494 3224 parte
2531 3139 2801 3207 orientis
2844 3141 3100 3210 riuulus

857 3252 925 3318 in
957 3250 1088 3317 fine
1120 3250 1437 3317 sessionis
1470 3250 1554 3317 de
1586 3248 1771 3315 fonte
1803 3245 2187 3315 Kamakuta
2220 3247 2451 3314 exiens
2486 3245 2799 3334 decurrit,
2830 3267 2871 3314 a
2908 3258 3094 3336 parte

860 3379 1017 3429 vero
1072 3357 1399 3443 aquilonis
1449 3363 1514 3424 et
1564 3355 1923 3424 occidentis
1972 3357 2306 3422 sessiones
2353 3355 2612 3422 Nicolai
2662 3354 2778 3441 filij
2829 3358 3097 3445 Mathie,

862 3475 927 3535 et
962 3465 1268 3553 Gregorij
1301 3464 1420 3552 fllij
1454 3467 1852 3553 Domnyka‚
1903 3486 1982 3531 ac
2022 3464 2308 3547 Buhcus‚
2337 3464 2771 3550 jobagionum
2819 3469 3098 3535 honora·

861 3576 1019 3645 bilis
1054 3576 1341 3663 Capituli
1372 3573 1667 3662 ejusdem
1701 3574 2003 3641 Ecclesie
2036 3573 2576 3659 Wesprimiensis
2612 3575 3024 3664 vicinantur,
3057 3599 3100 3645 a

863 3685 1275 3756 meridionali
1308 3690 1527 3750 autem
1560 3688 1748 3769 parte
1779 3682 1889 3750 via
1916 3682 2203 3770 publica,
2237 3701 2365 3765 que
2384 3684 2466 3751 de
2501 3683 2787 3751 Ciuitate
2813 3686 3105 3773 Wespri-

864 3794 1097 3862 miensi
1130 3792 1319 3860 vadit
1350 3791 1418 3856 in
1451 3790 1706 3876 Byliga,
1763 3809 1884 3875 pro
1918 3789 2291 3873 quindecim
2335 3791 2561 3876 pensis
2594 3792 2872 3861 latorum
2906 3794 3104 3865 dena-

864 3904 1107 3972 riorum
1143 3896 1634 3967 Wiennensium
1667 3898 1862 3986 plene
1902 3898 2148 3965 habitis
2182 3905 2249 3965 et
2283 3900 2573 3985 receptis
2624 3922 2843 3971 coram
2889 3904 3100 3993 nobis,

863 4014 950 4079 ab
985 4009 1236 4078 eisdem
1286 4009 1601 4094 magistro
1633 4008 1915 4076 Martino
1949 4014 2015 4076 et
2059 4004 2364 4077 Johanne
2420 4007 2769 4079 confessus
2818 4019 2918 4079 est
2948 4032 3101 4079 ven-

868 4118 1117 4188 didisse
1164 4124 1478 4204 perpetuo
1530 4121 1596 4184 et
1643 4116 2161 4184 irrevocabiliter
2207 4118 2522 4204 predictis
2569 4119 2889 4206 magistro
2934 4120 3102 4189 Mar·

864 4228 1004 4296 tino
1036 4232 1103 4295 et
1134 4226 1423 4298 Johanni
1453 4225 1640 4292 fratri
1691 4243 1812 4293 suo
1845 4225 2320 4310 possidendam
2366 4228 2723 4295 tenendam
2758 4235 2824 4295 et
2853 4227 3099 4296 haben-

866 4326 1060 4420 dam',
1111 4338 1181 4402 in
1215 4334 1387 4403 filios
1422 4333 1703 4400 filiorum
1756 4333 1917 4400 dicti
1947 4331 2276 4402 Johannis
2309 4339 2376 4400 et
2406 4336 2718 4404 heredum
2751 4357 2870 4424 per
2919 4336 3102 4407 here-

866 4445 1025 4530 des3
1099 4442 1496 4512 assumendo
1547 4448 1613 4509 et
1663 4442 2022 4526 obligando
2074 4463 2149 4511 se
2198 4443 2370 4512 idem
2414 4445 2640 4514 Bonch
2695 4451 2761 4512 et
2809 4445 3108 4531 ejusdem

865 4552 1144 4621 heredes
1199 4552 1643 4635 heredumque
1692 4570 1954 4620 suorum
2015 4571 2431 4623 successores
2489 4574 2809 4641 processu
2857 4562 3106 4643 tempo·

865 4666 957 4733 ris
1005 4663 1270 4733 racione
1303 4660 1480 4729 dicte
1521 4661 1843 4730 sessionis
1875 4661 2237 4746 prelibatos
2269 4663 2725 4751 magigistrum
2754 4666 3105 4734 Mai-tinum
