3416 5313
1803 366 1936 434 250

754 560 1071 646 Gregorio
1104 560 1385 630 Cantore
1404 613 1423 648 ,
1459 560 1815 630 Vincencio
1855 561 2144 631 Custode
2164 613 2183 648 ,
2235 564 2540 632 Johanne
2566 565 2839 632 Decano
2873 563 2998 628 Ec·

752 670 956 738 clesie
985 674 1205 737 nostre
1239 670 1686 739 existentibus,

1210 827 1488 903 (Teutsch
1512 827 1574 888 es
1598 830 1921 887 Firnhaber
1946 830 2023 887 id.
2049 851 2121 887 m.
2148 832 2191 889 L
2217 832 2274 887 k.
2302 831 2426 888 220.
2470 830 2531 903 l.)

1800 1653 1960 1717 162.

751 1856 1049 1941 Sintpery
1070 1849 1419 1939 jo‘vedelme
1439 1852 1541 1915 ke't
1572 1850 1829 1937 eyyenlc'i
1843 1852 2046 1915 re‘szre
2066 1854 2332 1916 osztatik
2354 1876 2395 1915 a
2412 1852 2594 1938 felek
2614 1854 2779 1921 k'o'zt.
2804 1857 3004 1921 1300.

964 2052 1103 2116 Nos
1138 2046 1506 2134 Capitulum
1539 2048 1843 2114 Ecclesie
1876 2049 2302 2116 Posoniensis
2344 2051 2653 2118 memorie
2674 2071 2999 2119 commen·

754 2162 991 2227 dantes
1026 2156 1477 2242 significamus
1512 2154 1843 2224 vniuersis
1865 2206 1883 2241 ‚
1937 2155 2116 2239 quod
2165 2157 2536 2224 constitutis
2569 2161 3007 2242 personaliter

754 2288 976 2336 coram
1006 2266 1195 2334 nobis
1227 2264 1615 2331 Alexandro
1648 2260 1784 2329 filio
1819 2261 2141 2346 Stephani
2174 2263 2255 2329 de
2278 2262 2497 2331 Reche
2517 2285 2632 2349 pro
2666 2286 2736 2331 se
2781 2273 2846 2332 et
2879 2287 3004 2351 pro

752 2379 952 2444 Petro
1004 2372 1208 2439 fratre
1243 2390 1403 2452 suo,
1458 2371 1731 2436 Andrea
1765 2375 1831 2435 et
1881 2369 2183 2437 Johanne
2230 2369 2387 2455 filijs
2418 2372 2680 2438 Nicolai
2731 2375 2817 2441 ab
2872 2396 3006 2443 vna

753 2488 978 2566 parte,
1031 2478 1331 2545 Johanne
1364 2476 1496 2542 filio
1529 2478 1855 2544 Johannis
1891 2482 1957 2544 et
1986 2478 2252 2544 Matheo
2287 2477 2497 2544 fratre
2524 2500 2649 2546 suo
2673 2531 2691 2564 ‚
2743 2481 3003 2548 Thoma

756 2597 820 2658 et
851 2587 1193 2653 Dominico
1244 2585 1408 2670 filijs.
1456 2583 1762 2671 magistri
1813 2586 1990 2650 Petri
2037 2586 2123 2651 ab
2177 2584 2434 2672 altera,
2488 2591 2636 2655 sunt
2685 2590 2998 2677 confessi,

755 2696 1118 2783 quodlicet
1168 2701 1350 2762 mota
1382 2694 1580 2763 fuerit
1633 2693 1910 2761 materia
1945 2682 2309 2776 questionis
2359 2695 2527 2761 inter
2567 2695 2746 2781 ipsos
2800 2717 3003 2784 super

750 2804 1171 2890 possessione
1204 2805 1533 2889 Symperg
1561 2808 1821 2884 uocata,
1845 2809 1909 2869 et
1941 2802 2050 2869 diu
2071 2802 2301 2869 ordine
2321 2800 2666 2870 iudiciario
2690 2806 2997 2872 altercati

752 2914 1052 2997 fuissent,
1086 2913 1175 2978 ad
1206 2912 1500 2978 ultimum
1535 2918 1762 2977 tamen
1784 2911 2227 2980 mediantibus
2261 2914 2481 2996 probis
2514 2913 2711 2996 viris3
2747 2914 3003 2983 scilicet

755 3020 1005 3089 Comite
1040 3022 1234 3086 Petro
1267 3022 1507 3102 Magno
1544 3025 1609 3083 et
1643 3018 1900 3083 Comite
1932 3017 2186 3084 Jacobo
2227 3017 2383 3103 filijs
2413 3019 2738 3085 Johannis
2772 3021 2855 3087 de
2887 3024 3002 3090 Ja-

753 3130 909 3206 nuk,
944 3127 1195 3195 Comite
1226 3125 1545 3192 Ladizlao
1581 3132 1647 3219 et
1678 3125 1999 3210 Magistro
2033 3123 2290 3195 Jacobo
2313 3174 2330 3207 ‚
2381 3124 2542 3208 filijs
2576 3125 2903 3210 Stephani
2936 3132 3002 3195 in

752 3240 949 3303 talem
985 3236 1173 3320 pacis
1210 3235 1633 3301 concordiam
1667 3233 2092 3300 deuenissent
2113 3282 2131 3316 ,
2186 3235 2361 3313 quod
2394 3233 2460 3298 in
2514 3234 2819 3301 omnibus
2851 3257 3003 3323 pro-

756 3344 1066 3412 uentibus
1098 3351 1164 3410 et
1214 3342 1607 3410 utilitatibus
1659 3343 1870 3427 ipsius
1903 3341 2344 3423 possessionis
2379 3343 2741 3429 Symperg,
2794 3363 3004 3427 quan-

755 3460 891 3518 tum
923 3452 1302 3520 Alexander
1338 3458 1401 3518 et
1434 3451 1736 3518 Andreas
1773 3450 2136 3533 supradicti
2171 3469 2313 3515 cum
2352 3449 2670 3518 fratribus
2711 3451 2849 3519 suis
2882 3455 3005 3520 ha-

753 3563 911 3629 bere
942 3561 1388 3641 dinoscuntur,
1424 3566 1539 3625 aut
1572 3556 1940 3642 possidere,
1972 3561 2152 3625 recte
2186 3543 2447 3623 tantum
2470 3558 2814 3627 Johannes
2852 3583 3000 3629 cum

754 3670 956 3737 fratre
986 3689 1107 3737 suo
1140 3667 1397 3736 Thoma
1431 3666 1732 3735 similiter
1768 3687 1914 3732 cum
1963 3665 2166 3732 fratre
2198 3684 2318 3732 suo
2353 3664 2591 3732 debent
2631 3668 2999 3754 percipere,

753 3775 1096 3863 possidere
1129 3774 1409 3861 pacifice
1441 3782 1508 3842 et
1538 3774 1824 3859 habere,
1876 3774 2250 3860 obligantes
2285 3792 2382 3859 se,
2419 3774 2600 3856 quod
2632 3778 3005 3859 quicunque

755 3905 838 3951 ex
887 3883 1051 3969 ipsis
1108 3903 1421 3968 processu
1477 3890 1846 3967 temporum
1911 3900 2113 3966 super
2168 3881 2513 3964 sepedicta
2575 3883 3005 3967 possessione

753 3995 1084 4078 Symperg
1117 3993 1320 4058 uellet
1371 3990 1721 4058 materiam
1772 3989 2138 4073 questionis
2174 3989 2490 4072 incitare,
2543 3995 2699 4055 ante
2738 3990 2873 4057 litis
2907 3993 3002 4058 in-

752 4118 1049 4183 gressum
1082 4097 1282 4167 debet
1333 4094 1563 4184 iudicij
1600 4099 1860 4165 soluere
1909 4097 2137 4164 decem
2171 4115 2448 4162 marcas.
2500 4093 2744 4161 Datum
2775 4096 3002 4165 Domi·

750 4209 901 4274 nico
933 4205 1042 4273 die
1075 4206 1376 4290 proximo
1407 4212 1563 4293 post
1613 4207 1855 4273 festum
1890 4204 2194 4274 Omnium
2227 4203 2616 4271 Sanctorum
2656 4224 2831 4271 anno
2867 4204 2999 4273 Do·

752 4316 915 4383 mini
946 4313 1047 4378 Μο
1083 4311 1298 4381 0000.
1346 4387 1350 4391 ,

758 4491 1028 4564 (Hartya.
1053 4467 1417 4547 ‘Kiiloldalan
1444 4510 1479 4546 a
1504 4487 1899 4561 pecsetnyom.
1936 4488 2513 4562 Pozsonykaptalani
2542 4488 2818 4562 orszagos
2848 4487 3005 4546 level

1240 4577 1346 4637 tar.
1374 4581 1570 4654 Capsa
1592 4579 1725 4637 -VIL
1752 4581 1919 4637 Fasc.
1949 4580 2001 4634 1.
2030 4579 2166 4637 Nr0.
2192 4581 2246 4634 3.
2274 4579 2512 4649 Knauz.)
