3416 5313
1455 376 1583 445 153

408 579 474 646 in
507 576 789 645 heredes
810 576 1127 644 heredum
1154 582 1219 643 et
1252 577 1423 645 filios
1454 575 1733 644 filiorum
1756 575 2282 645 inreuocabiliter
2302 570 2641 659 possiden-

405 687 594 772 dam;
648 684 1016 773 hujusmodi
1048 721 1137 757 -,-
1174 724 1253 733 —-
1293 721 1374 732 --
1405 721 1491 731 —
1525 688 1667 752 ario
1725 685 2091 754 introducto
2124 692 2191 752 et
2217 684 2375 750 'utili
2425 682 2641 750 condi-

404 795 592 862 cione
622 796 871 862 inserta
893 844 909 876 ,
968 793 1144 876 quod
1176 793 1233 859 si
1264 794 1399 860 ullo
1432 812 1725 876 unquam
1773 800 2065 880 tempore
2097 790 2518 877 Episcopalis
2551 789 2642 857 di-

403 904 624 991 gnitas
657 906 763 971 uel
794 903 967 970 alius
1017 901 1280 969 nomine
1314 902 1492 988 eius,
1545 909 1658 967 aut
1689 903 1913 986 aliquo
1945 902 2238 987 legitimo
2289 919 2471 980 casu,
2523 917 2643 983 per

402 1031 549 1080 eam
580 1011 932 1096 possidens
951 1061 971 1096 ,
1003 1011 1271 1078 racione
1322 1010 1765 1096 possessionis
1795 1031 1917 1096 per
1949 1009 2293 1096 commem
2327 1003 2641 1093 Petrum),

398 1125 669 1191 Saulum
721 1119 992 1191 fratrem
1043 1122 1332 1192 eiusdem
1355 1176 1373 1211 ,
1425 1129 1491 1189 et
1540 1123 1925 1206 magistrum
1976 1122 2346 1206 Nycolaum
2368 1170 2384 1203 ,
2438 1120 2642 1187 filium

399 1231 610 1316 ipsius
644 1230 917 1299 Comitis
947 1233 1145 1315 Petri,
1176 1233 1243 1297 in
1278 1228 1731 1299 concambium
1762 1233 2123 1315 assignate,
2156 1229 2473 1297 suscitata
2506 1248 2640 1293 ma·

401 1337 571 1403 teria
605 1337 965 1420 questionis
1015 1356 1133 1421 per
1166 1336 1542 1422 quempiam
1584 1336 1650 1402 in
1684 1338 1787 1403 ius
1818 1343 2187 1420 vocaretur,
2224 1342 2289 1403 et
2323 1338 2494 1402 idem
2529 1336 2640 1403 do·

399 1446 611 1513 minus
644 1447 1028 1531 Episcopus,
1052 1447 1162 1513 uel
1193 1447 1335 1513 eius
1360 1465 1796 1529 successores,
1832 1448 1918 1513 ad
1947 1445 2405 1514 sustinendam
2436 1445 2641 1528 litem,

399 1561 467 1620 et
499 1551 586 1621 ad
619 1551 1100 1619 defendendam
1153 1553 1367 1636 ipsam
1404 1553 1896 1636 possessionem
1920 1602 1936 1633 ‚
1976 1553 2116 1620 iure
2150 1558 2215 1617 et
2245 1551 2456 1636 Regni
2488 1570 2640 1618 con-

400 1659 745 1730 svetudine
776 1665 1047 1728 uetante
1081 1681 1154 1729 se
1186 1658 1693 1727 insvfficientem
1726 1661 2068 1744 iudicaret,
2106 1681 2187 1727 ex
2228 1667 2376 1727 tunc
2409 1661 2640 1727 Petrus

398 1772 637 1840 Comes
657 1774 688 1850 ,'
732 1770 1047 1854 magister
1097 1769 1371 1852 Saulus,
1445 1777 1510 1835 et
1559 1770 1874 1857 magister
1921 1769 2236 1839 Nicolaus
2299 1769 2631 1855 prelibati,

398 1899 517 1944 nec
549 1899 678 1945 non
711 1886 776 1946 et
808 1898 1031 1946 eorum
1064 1877 1367 1953 heredes,
1401 1882 1738 1961 tamquam
1760 1878 2197 1964 expeditores,
2237 1878 2326 1946 ad
2357 1877 2640 1946 liberan·
2693 1902 2702 1907 ·

401 1988 554 2054 dum
586 1987 1073 2075 possessionem
1094 2037 1110 2062 ‚
1161 1994 1226 2054 et
1258 1987 1629 2055 Ecclesiam
1664 1989 1731 2057 in
1763 1990 2039 2072 pacifica
2088 1987 2510 2074 possessione
2543 1994 2638 2054 tu-

401 2098 655 2180 endam,
691 2095 977 2184 proprijs
1008 2095 1363 2179 laboribus,
1399 2101 1465 2162 et
1497 2097 1835 2181 expensis,
1870 2095 1955 2164 ad
1992 2096 2480 2181 requisitionem
2515 2094 2636 2163 Ec·

403 2203 601 2272 elesie
633 2222 970 2271 occurrere
1022 2209 1387 2272 teneantur.
1440 2205 1544 2272 Ad
1574 2202 1748 2270 idem
1788 2202 2262 2271 attendandum
2294 2206 2639 2271 observan-

401 2313 576 2398 dum,
612 2335 653 2380 a
685 2318 874 2396 parte
907 2311 1111 2379 altera
1163 2312 1469 2380 dominus
1504 2312 1880 2401 Episcopus
1914 2333 1988 2380 se
2038 2315 2251 2400 ipsum
2286 2317 2351 2376 et
2399 2312 2464 2376 in
2497 2332 2639 2396 per·

400 2440 565 2488 sona
597 2440 719 2488 sua
750 2418 1136 2508 dignitatem
1161 2421 1628 2507 Episcopalem
1662 2422 1863 2489 simili
1886 2422 2267 2490 condicione
2311 2420 2637 2490 astrinxit.

398 2530 541 2596 Hoc
586 2528 1010 2597 nihilominus
1061 2529 1363 2614 adjecto,
1415 2537 1487 2597 ut
1537 2528 1592 2596 si
1642 2531 1981 2615 possessio
2030 2555 2071 2599 a
2119 2529 2369 2596 Comite
2421 2532 2637 2610 Petro,

400 2637 601 2705 Saulo
636 2643 700 2702 et
730 2637 1032 2726 Nycolao
1067 2637 1397 2723 magistris
1431 2630 1626 2722 data,
1656 2660 1776 2726 per
1805 2642 1988 2729 ipsos
2011 2694 2028 2727 ,
2078 2639 2186 2708 vel
2216 2658 2333 2723 per
2364 2637 2640 2706 heredes

396 2745 730 2830 heredum,
764 2748 833 2816 in
863 2746 1186 2831 premisso
1219 2747 1639 2816 necessitatis
1674 2751 1950 2819 articulo
1998 2770 2128 2816 uon
2161 2755 2393 2832 posset
2425 2747 2642 2815 defeu-

399 2856 556 2937 sari,
589 2862 744 2922 tunc
776 2859 932 2924 villa
965 2857 1266 2924 Ecclesie
1298 2856 1592 2943 superius
1639 2858 1977 2925 nominata
2013 2858 2077 2922 in
2112 2859 2214 2924 ius
2249 2866 2315 2922 et
2347 2855 2639 2943 proprie-

397 2970 598 3031 tatem
631 2963 932 3032 Ecclesie
956 3015 973 3049 ,
1026 2971 1091 3031 et
1127 2984 1273 3031 cum
1326 2965 1710 3051 integritate
1743 2967 2013 3033 rediret.
2068 2965 2193 3044 Qui
2227 2965 2487 3048 quidem
2522 2962 2639 3029 Go-

397 3083 536 3138 mes
568 3071 800 3137 Petrus
825 3121 841 3153 ,
893 3071 1136 3139 Saulus
1189 3079 1255 3139 et
1285 3073 1614 3155 Nycolaus
1665 3073 1999 3158 magistri,
2054 3081 2190 3140 tam
2222 3072 2639 3160 priuilegium

394 3178 595 3266 Regis
629 3179 965 3263 Stephani,
998 3180 1424 3247 donacionem
1459 3183 1824 3264 continens,
1849 3203 2054 3265 ‚quam
2091 3173 2339 3249 domini
2371 3181 2636 3247 Andree

392 3286 673 3354 Illustris
706 3287 906 3371 Regis
941 3286 1233 3371 Vngarie
1287 3287 1878 3374 confirmatorium,
1930 3289 2369 3358 mediantibus
2410 3289 2639 3372 quibus

394 3399 636 3464 terram
667 3396 1100 3483 possederunt
1120 3394 1508 3483 predictam,
1533 3400 1831 3467 manibus
1867 3401 2107 3468 domini
2133 3399 2443 3483 Episcopi
2475 3400 2639 3467 assi·

393 3514 698 3588 gnarunt,
747 3524 865 3593 per
913 3525 1032 3573 uos
1084 3511 1304 3574 tamen
1353 3506 1421 3573 in
1472 3507 1755 3575 Camera
1806 3509 2109 3576 Ecclesie
2161 3505 2637 3577 conservanda.

396 3612 588 3679 Vnde
623 3613 743 3682 hec
773 3614 994 3682 omnia
1048 3615 1344 3697 superius
1386 3636 1703 3704 expressa
1736 3615 1966 3686 Comes
1998 3621 2231 3686 Petrus
2253 3665 2273 3700 ,
2323 3616 2640 3701 magister

393 3724 633 3792 Saulus
667 3729 735 3788 et
763 3724 1077 3808 magister
1109 3725 1446 3814 Nyeolaus
1496 3745 1655 3811 sepe
1688 3728 1845 3795 dicti
1877 3727 2338 3815 promiserunt,
2388 3731 2455 3793 et
2483 3744 2637 3809 pro-

392 3832 727 3900 mittentes
763 3851 837 3897 se
868 3832 1238 3918 obligarunt
1274 3855 1501 3902 omues
1534 3842 1712 3921 tres,
1763 3838 1821 3903 si
1854 3837 2191 3905 commode
2240 3837 2463 3905 facere
2494 3853 2637 3920 pos-

393 3947 566 4027 sunt,
600 3945 717 4008 aut
749 3940 873 4007 duo
905 3942 1010 4007 vel
1044 3941 1285 4008 saltem
1316 3965 1481 4012 unus
1513 3963 1594 4010 ex
1627 3946 1790 4031 ipsis
1822 3947 2081 4013 nomine
2101 3964 2237 4030 suo,
2276 3950 2338 4028 et
2377 3943 2639 4012 nomine
2681 3954 2688 3962 '

392 4051 670 4117 aliorum
691 4099 709 4132 ‚
757 4050 844 4116 ad
875 4050 1287 4134 presenciam
1320 4053 1564 4121 domini
1595 4055 1799 4142 Regis
1832 4052 2209 4122 accedendo
2232 4104 2251 4139 ,
2286 4053 2638 4140 Regiisque

390 4157 783 4243 privilegijs,
817 4179 899 4225 ac
931 4156 1238 4244 Capituli,
1272 4160 1382 4228 ubi
1412 4161 1585 4228 idem
1622 4162 1920 4229 dominus
1946 4162 2311 4247 Episcopus
2338 4162 2638 4239 uoluerit,

389 4266 601 4334 inseri
655 4264 918 4351 facere,
972 4274 1037 4333 et
1087 4268 1313 4350 Regiis
1363 4269 1771 4358 privilegiiS,
1822 4294 1902 4340 ac
1952 4273 2222 4340 alterius
2263 4270 2402 4356 Cap
2434 4306 2523 4318 —
2550 4306 2640 4319 —

390 4394 591 4459 quam
627 4377 868 4443 uostris
919 4377 1089 4445 hune
1120 4386 1492 4462 presentem
1546 4382 2054 4465 permutacionis
2104 4387 2504 4449 contractum
2535 4401 2638 4446 ro-

388 4488 653 4553 borare.
708 4485 793 4551 Vt
826 4483 1024 4568 igitur
1056 4489 1388 4573 presentis
1439 4492 1954 4573 permutaciouis
1988 4473 2213 4559 titulus
2245 4493 2440 4559 robur
2474 4493 2637 4559 obti-

391 4598 552 4658 neat
580 4600 898 4677 perpetue
947 4592 1274 4671 firmitatis
1298 4648 1314 4680 ‚
1368 4616 1490 4664 nec
1520 4619 1636 4684 per
1669 4598 1960 4682 aliquam
2002 4599 2298 4686 parcium
2327 4601 2637 4667 exstanti-

392 4707 515 4775 bus
548 4701 1046 4779 condicionibus
1094 4709 1433 4796 premissis
1484 4710 1694 4796 possit
1728 4711 1997 4793 aliquali
2042 4707 2261 4795 (modo
2293 4705 2637 4798 rescindi),
