3416 5313
1418 441 1703 541 ---t-⁵3³„-

438 637 601 705 toris
635 644 701 707 et
732 640 798 707 in
832 637 1061 707 eadem
1099 637 1238 706 Deo
1291 638 1758 706 famulantibus
1797 661 1913 726 pro
1947 647 2241 728 tempore
2268 695 2284 727 ‚
2336 645 2680 731 Preposito

437 747 694 817 scilicet
730 755 793 816 et
827 748 1135 834 Capitulo
1161 798 1177 831 ‚
1231 767 1357 815 vna
1394 766 1536 815 cum
1590 750 1728 815 suis
1760 751 1956 817 terris
1992 756 2056 818 et
2085 752 2477 819 vtilitatibus
2528 756 2682 841 alijs

439 854 739 925 omnibus
762 906 779 938 ‚
830 860 972 925 iure
1008 864 1069 923 et
1103 862 1432 942 potestate
1466 858 1768 942 perpetui
1803 862 1867 924 et
1919 857 2373 928 irreuocabilis
2406 862 2677 947 dominij

438 963 921 1050 deuoluendos,
976 971 1040 1030 et
1072 962 1347 1049 pacifice
1398 983 1477 1030 ac
1513 965 1809 1050 plenarie
1865 967 2346 1048 relinquendos.
2396 969 2471 1036 In
2503 972 2681 1038 cuius

437 1094 557 1159 rey
590 1079 973 1158 perpetuam
1017 1071 1390 1138 firmitatem
1425 1080 1487 1139 et
1522 1074 1903 1140 memoriam
1939 1076 2401 1159 sempiternam
2454 1080 2543 1146 ad
2575 1102 2673 1149 re·

437 1182 756 1252 lacionem
792 1182 1162 1249 eorumdem
1212 1180 1614 1248 dominorum
1653 1188 1720 1247 et
1761 1182 2083 1247 sociorum
2116 1204 2194 1250 ac
2230 1179 2533 1266 (fratrum
2567 1210 2674 1257 no·

436 1289 746 1377 st)rorum
799 1309 1050 1357 necnon
1120 1291 1394 1356 aliorum
1461 1289 1790 1355 hominum
1845 1289 2286 1374 predictorum
2337 1300 2678 1376 presentes

433 1401 661 1465 literas
697 1396 895 1483 sigilli
951 1400 1154 1464 nostri
1206 1398 1607 1481 appensione
1638 1404 1704 1463 et
1757 1397 2110 1465 munimine
2158 1397 2459 1468 dedimus
2512 1422 2676 1469 com-

437 1507 743 1572 munitas,
804 1505 1046 1572 Datum
1099 1525 1216 1590 per
1267 1523 1499 1572 manus
1553 1504 1820 1572 discreti
1854 1505 1978 1570 viri
2028 1506 2322 1593 magistri
2356 1508 2677 1595 Cypriani

433 1616 734 1684 Ecclesie
772 1652 851 1663 —
886 1649 971 1660 ——
1006 1649 1091 1661 -
1135 1652 1207 1661 —-
1241 1612 1508 1683 Domini
1541 1614 1640 1679 Μο
1666 1613 2250 1701 GO⁰nonagesimo
2282 1616 2511 1703 primo,
2548 1625 2671 1685 ter·

437 1722 538 1789 cio
571 1725 794 1790 Nonas
833 1720 1260 1805 Septembris.

436 1952 700 2023 (Har-tya.
754 1953 805 2006 A
849 1950 1164 2024 pecsetnek
1210 1952 1351 2009 csak
1393 1951 1687 2026 keksarga
1733 1953 1984 2024 zsiudrja
2029 1971 2144 2009 van
2191 1972 2340 2027 meg.
2385 1954 2674 2026 Pozsony-

434 2042 735 2116 kaptalani
772 2040 1229 2117 maganleveltar
1257 2042 1449 2115 Capsa
1477 2041 1521 2096 C
1549 2043 1714 2099 Fasc.
1739 2042 1790 2096 4.
1819 2041 1954 2096 Nro.
1982 2044 2068 2097 34.
2097 2044 2281 2101 Rovid
2309 2046 2673 2103 kivonatban

939 2132 1201 2204 Fejdrnel
1230 2132 1368 2190 cod.
1397 2134 1556 2206 Dipl.
1584 2132 1680 2189 VI.
1712 2134 1756 2188 1.
1784 2136 1902 2191 189.
1942 2134 2168 2203 Knauz.)

1498 3142 1617 3266 aa.

440 3455 825 3542 Uyyanazon
857 3454 1060 3518 Jdnos
1079 3508 1096 3540 ‚
1119 3453 1425 3539 pozsonyi
1456 3452 1840 3540 vcia-Jobbdyy
1875 3452 2215 3543 (vcirnayy)
2237 3504 2254 3538 ‚
2307 3478 2347 3517 α
2370 3454 2671 3539 pozsonyi

418 3561 918 3648 fb'templomnak
968 3563 1430 3644 adomdnyozza
1460 3563 1962 3648 veqrendelctiley
1993 3586 2203 3650 uyyan
2242 3562 2447 3627 Turne
2480 3561 2669 3627 biv-to-

918 3670 1050 3733 ka‘t.
1082 3642 1304 3756 Atirja
1335 3691 1376 3732 a
1405 3670 1586 3754 qyb'ri
1615 3671 1949 3759 kdptalan.
1985 3674 2177 3736 1291.

648 3908 784 3973 Nos
818 3905 1190 3989 Capitulum
1243 3905 1544 3974 Ecclesie
1576 3906 1940 3974 Jauriensis
1992 3906 2300 3974 memorie
2348 3922 2664 3973 commen-

433 4014 673 4081 dantes
726 4014 1175 4097 significamus
1223 4013 1591 4095 vniuersis,
1645 4014 1881 4096 quibus
1940 4014 2204 4099 expedit
2253 4013 2667 4098 presencium

432 4142 549 4206 per
581 4107 913 4197 tenorem,
968 4122 1142 4204 quod
1193 4120 1585 4189 accedentes
1638 4122 1724 4189 ad
1775 4131 2069 4190 nostram
2121 4122 2532 4207 presenciam
2568 4122 2663 4188 di-

433 4231 635 4298 screti
668 4233 787 4298 viri
840 4230 1141 4314 magistri
1184 4232 1491 4298 Andreas
1542 4236 1607 4295 et
1640 4230 1954 4298 Nicolaus
2001 4229 2316 4298 Canonici
2366 4227 2667 4298 Ecclesie

432 4337 852 4405 Posoniensis
905 4339 1335 4406 exhibuerunt
1366 4339 1552 4408 nobis
1590 4339 1906 4424 quasdam
1953 4339 2210 4407 litteras
2248 4341 2508 4404 clausas
2532 4388 2546 4417 ,
2583 4338 2668 4403 si-

434 4447 589 4533 gillo
625 4445 862 4514 nobilis
914 4455 978 4514 et
1029 4448 1275 4515 strenui
1327 4449 1449 4513 viri
1495 4448 1815 4515 ,Iohannis
1866 4448 1986 4533 filij
2023 4448 2199 4515 Petri
2230 4446 2348 4532 filij
2401 4445 2668 4513 Chukar

436 4555 517 4621 de
550 4556 874 4623 Comitatu
927 4553 1333 4641 Posoniensij
1366 4555 1732 4640 sigillatas,
1787 4560 2086 4638 petentes
2134 4554 2394 4620 nomine
2426 4561 2491 4622 et
2522 4553 2666 4620 vice

434 4663 752 4750 Prepositi
784 4686 865 4731 ac
910 4664 1195 4750 Capituli
1228 4669 1583 4734 memorate
1626 4665 2011 4732 Posoniensi
2043 4664 2358 4747 Ecclesie,
2383 4669 2453 4727 ut
2483 4664 2665 4747 ipsas

431 4773 687 4841 litteras
722 4774 963 4858 aperiri
998 4782 1064 4842 et
1096 4776 1217 4842 sub
1250 4781 1470 4842 nostro
1505 4774 1725 4861 sigillo
1758 4773 2191 4858 transcriptas
2222 4772 2290 4838 in
2325 4771 2661 4856 publicam
