3416 5313
1822 404 1906 475 '76

743 603 1037 672 omnibus
1069 604 1466 674 utilitatibus
1499 604 1657 691 suis,
1693 607 2001 673 uidelicet
2033 610 2212 694 ortis,
2247 607 2588 694 fructibus,
2632 608 2840 690 siluis,
2867 626 2975 674 ne-

740 715 1053 800 moribus,
1089 717 1336 801 pratis,
1373 717 1634 803 fenetis,
1669 717 1960 803 piscinis,
1995 717 2208 803 aquis,
2244 718 2403 785 locis
2444 716 2973 795 molendinorum,

743 826 932 892 terris
966 826 1329 893 arabilibus
1364 834 1428 892 et
1460 846 1589 893 non
1622 825 1989 894 arabilibus
2009 878 2027 911 ‚
2060 829 2325 913 pascuis
2366 847 2673 914 pecorum
2694 877 2712 910 ,
2744 825 2977 911 lapidi-

743 933 888 1016 buS,
926 935 1355 1003 arundinibus
1389 943 1455 1003 et
1485 934 1867 1003 attinenciis
1917 937 2053 1003 suis
2104 936 2423 1003 uniuersis
2474 935 2763 1020 predicto
2793 936 2979 1002 Bock

737 1049 1019 1128 cognato
1050 1045 1363 1131 ipsorum,
1386 1049 1450 1112 et
1467 1065 1586 1131 per
1618 1065 1766 1113 eum
1798 1045 1935 1112 suis
1966 1044 2341 1127 heredibus,
2364 1044 2802 1127 heredumqun
2831 1061 2978 1110 suo-

739 1173 877 1221 rum
913 1155 1409 1222 successoribus
1461 1156 1723 1222 racione
1756 1155 2197 1241 proximitatis
2252 1162 2318 1220 et
2355 1158 2671 1240 perpetue
2720 1149 2979 1219 unionis

738 1261 964 1329 habite
998 1263 1170 1329 inter
1200 1264 1385 1349 ipsos
1419 1262 1899 1349 assignassent,
1935 1265 2389 1349 reliquissent,
2440 1271 2510 1329 et
2547 1261 2981 1330 tradidissent

738 1378 1051 1459 perpetuo
1085 1380 1149 1438 et
1199 1372 1708 1442 irreuocabiliter
1742 1374 2229 1462 possidendam,
2263 1370 2617 1460 obligando
2652 1390 2762 1457 se,
2801 1369 2976 1456 quod

741 1481 1106 1566 quicunque
1139 1501 1450 1567 processu
1485 1488 1845 1568 temporum
1877 1484 2088 1569 ipsum
2120 1483 2308 1551 Book
2342 1490 2457 1549 aut
2488 1501 2673 1549 suam
2705 1483 2976 1566 posteri-

738 1595 940 1656 tatem
975 1612 1089 1675 pro
1140 1593 1293 1679 ipsa
1324 1598 1559 1674 quarta
1608 1601 1799 1677 parte
1830 1590 2121 1677 predicte
2173 1597 2346 1659 terre
2379 1592 2640 1659 Turnus
2674 1587 2976 1658 Chondol

739 1705 972 1765 uocate
1009 1699 1209 1767 uellet
1258 1701 1555 1786 inpetere
1605 1700 1711 1767 vel
1743 1719 2023 1784 vexare,
2078 1706 2316 1767 extunc
2367 1700 2646 1766 eundem
2696 1700 2880 1766 Book
2914 1702 2980 1764 et

738 1826 921 1872 suam
954 1808 1400 1892 posteritatem
1433 1808 1676 1894 prefati
1707 1809 2124 1893 Benedictus,
2159 1806 2434 1893 Egidius
2469 1814 2534 1875 et
2571 1806 2860 1874 Mathias
2893 1826 2978 1874 ac

736 1915 852 2000 alij
887 1918 1152 2000 cognati
1196 1917 1559 1985 'eorundem
1612 1917 2004 1986 tenebuntur
2036 1917 2346 2004 expedire
2397 1914 2684 2002 proprijs
2737 1916 2979 1983 labori-

735 2027 877 2111 buS‚
916 2033 980 2093 et
1012 2029 1342 2112 expensis.
1396 2030 1471 2091 In
1506 2028 1692 2113 cujus
1727 2028 1824 2093 rei
1858 2027 2236 2093 memoriam
2268 2025 2353 2091 ad
2399 2025 2789 2109 peticionem
2822 2023 2978 2091 utri-

734 2154 941 2218 usque
991 2137 1198 2220 partis
1251 2143 1592 2221 presentes
1641 2142 1907 2204 nostras
1962 2133 2405 2203 concessimus
2458 2135 2715 2202 litteras
2767 2131 2974 2218 sigilli

735 2244 937 2311 nostri
970 2245 1327 2313 munimine
1359 2245 1729 2314 roborataS.
1780 2245 1972 2312 Anno
2007 2244 2273 2312 Domini
2305 2244 2625 2314 milesimo
2673 2244 2978 2312 ducente·

736 2354 895 2418 simo
929 2355 1357 2438 nonagesimo
1394 2354 1696 2436 secundo,
1731 2354 1797 2419 in
1831 2352 2087 2421 Octava
2120 2353 2440 2421 Cinerum.

1588 2499 1696 2573 A,
1825 2500 1877 2569 G
2057 2501 2140 2565 D.

734 2711 1039 2784 (Hartyan.
1052 2713 1548 2786 Hartyaszinegen
1567 2710 1706 2786 fiigg
1726 2711 1973 2784 apecsdt
1991 2712 2281 2768 toredeke.
2296 2710 2868 2784 Pozsonykaptalani
2891 2730 2978 2767 or-

733 2802 938 2875 szagos
965 2800 1214 2859 lcvdltar
1233 2800 1423 2873 Capsa
1442 2801 1594 2859 XIV.
1618 2803 1784 2858 Fasc.
1808 2804 1889 2858 18.
1916 2801 1986 2857 N.
2017 2805 2098 2857 12.
2127 2801 2187 2858 ds
2211 2819 2463 2875 ugyan-c
2492 2801 2688 2874 Capsa
2715 2799 2778 2856 e's
2807 2803 2976 2857 Fasc.

740 2893 932 2947 11-dik
961 2890 1171 2948 szsima.
1199 2892 1253 2947 A
1280 2892 1536 2947 masodik
1564 2890 1821 2965 peldany
1845 2885 1988 2949 feliil
2024 2895 2155 2949 levo'
2180 2892 2233 2947 A
2260 2892 2305 2948 C
2330 2893 2505 2947 D-vel
2527 2936 2540 2962 ,
2579 2893 2812 2962 melyek
2842 2910 2978 2963 egy-

732 2983 1023 3041 beillenek
1043 2984 1243 3055 jeleiil,
1273 2981 1428 3055 hogy
1448 2998 1757 3055 egyszerre
1777 2984 1994 3040 irattak
2021 3002 2047 3037 s
2069 3001 2138 3038 az
2166 2984 2341 3055 egyik
2359 2981 2611 3053 peldany
2637 3002 2672 3037 a
2697 2980 2978 3038 feleknek

1055 3072 1332 3128 kiadatva
1357 3072 1549 3129 idb'vel
1574 3072 1744 3130 ismet
1770 3092 1801 3129 e
1826 3070 2150 3132 leveltarba
2174 3072 2381 3130 keriilt.
2423 3072 2650 3144 Kmuz.)
