3416 5313
1927 410 2013 477 98

1903 1074 2024 1144 02

852 1275 897 1338 Ι
896 1274 983 1338 ΙΙ.
1020 1273 1234 1338 Endre
1258 1271 1470 1359 kirdly
1499 1272 1857 1361 meyerh'sz'ti
1888 1272 2005 1337 IV.
2038 1271 2398 1336 Ldozlo'mk
2429 1270 2616 1334 Zoich
2649 1268 2947 1355 helyseqet
2976 1271 3095 1335 ηὸ-

909 1418 917 1425 ·
1192 1383 1329 1446 υέτε
1377 1385 1670 1447 szdmdra
1701 1381 2131 1465 ado‘mdnyozo'
2159 1382 2519 1464 okmdnydt.
2560 1378 2750 1445 1294.

1063 1599 1198 1665 Nos
1228 1597 1530 1665 Andreas
1582 1597 1707 1665 Dei
1742 1595 1968 1679 gracia
1998 1598 2141 1664 Rex
2185 1593 2539 1681 Hungarie‚
2577 1595 2893 1660 memorie
2926 1611 3097 1661 eom-

848 1705 1235 1773 mendantes
1251 1705 1708 1791 significamus,
1733 1702 1969 1788 quibus
1991 1703 2260 1788 expedit
2281 1712 2503 1769 tenore
2527 1703 2939 1785 presencium
2956 1702 3097 1767 uni-

847 1816 1092 1897 versis,
1128 1813 1301 1896 quod
1342 1832 1604 1881 sorores
1640 1812 1732 1902 de,
1775 1814 2002 1879 Insula
2052 1813 2260 1879 Beate
2313 1810 2604 1893 Virginis
2657 1811 3094 1877 exhibuerunt

848 1923 1036 1990 nobis
1058 1921 1378 2004 quasdam
1413 1927 1714 2006 patentes
1735 1921 1992 1989 litteras
2025 1919 2319 1987 Ladislai
2358 1922 2639 1989 condam
2661 1920 2942 1988 Illustris
2973 1921 3099 1986 Re-

850 2032 952 2117 gis
985 2030 1317 2113 Hungarie
1353 2048 1550 2113 snper
1586 2028 1756 2096 faoto
1779 2029 2113 2094 cuiusdam
2147 2029 2587 2113 possessionis
2619 2029 2820 2095 Zoieh
2853 2034 3092 2096 vocate

847 2140 1182 2206 confectas
1203 2186 1218 2213 ‚
1251 2143 1549 2220 petentes
1600 2155 1721 2202 nos
1758 2136 2088 2201 humiliter
2122 2142 2189 2200 et
2220 2136 2487 2221 devote,
2538 2144 2606 2201 vt
2640 2137 2825 2222 ipsas
2859 2144 3091 2219 paten-

850 2252 952 2314 tes
988 2246 1244 2314 litteras
1279 2244 1408 2312 rati
1439 2243 1710 2325 habere,
1753 2248 1818 2310 et
1839 2242 2081 2311 nostris
2104 2242 2476 2327 patentibus
2509 2243 2747 2310 litteris
2780 2244 3086 2329 dignare-

852 2374 992 2419 mur
1035 2352 1434 2421 confirmare.
1484 2351 1774 2430 Quarum
1809 2350 2069 2434 quidem
2106 2352 2476 2438 patenoium
2516 2353 2855 2419 literarum
2909 2361 3100 2419 tenor

855 2463 1007 2531 talis
1040 2465 1145 2526 est
1178 2484 1195 2526 ε

1065 2571 1203 2636 NOS
1237 2566 1589 2633 Ladislaus
1622 2567 1750 2632 stb.
1787 2571 2144 2643 (kiivetkezik
2191 2577 2286 2630 lv.
2319 2574 2522 2630 Laszlo
2557 2576 2744 2647 kiraly
2787 2577 3095 2650 okmanya‚

852 2684 1001 2755 mely
1033 2682 1322 2739 olvashato
1355 2682 1825 2754 Okmanytarunk
1859 2684 1958 2739 IV.
2000 2684 2305 2740 kiiteteben
2340 2686 2485 2738 340.
2519 2683 2582 2755 l.)

1068 2784 1209 2850 Nos
1243 2784 1440 2868 igitur
1470 2784 1659 2850 iustis
1695 2789 1760 2849 et
1810 2784 2114 2867 legitimis
2166 2785 2597 2870 peticionibus
2652 2786 3098 2872 predictarum

856 2912 1143 2962 sororum
1179 2891 1626 2958 favorabiliter
1672 2890 1989 2977 inclinati,
2024 2894 2319 2979 prefatas
2354 2901 2656 2978 patentes
2690 2896 2945 2962 litteras
2979 2897 3098 2963 Re-

857 3004 960 3085 gis
993 2998 1283 3066 Ladislai
1320 3018 1449 3064 non
1482 3001 1925 3086 cancellatas,
1960 3023 2086 3065 non
2139 3004 2415 3069 abrasas
2449 3003 2864 3089 presentibus
2894 3002 3100 3071 inseri

855 3110 1148 3191 fecimus,
1173 3105 1295 3192 (et)
1319 3107 1510 3175 dietis
1544 3110 1873 3177 sororibus
1908 3112 2301 3178 auctoritate
2334 3112 2739 3197 presencium
2781 3113 2924 3180 sine
2959 3135 3099 3199 pre·

857 3216 1099 3284 iudicio
1126 3215 1292 3298 juris
1325 3215 1528 3281 alieni
1561 3217 2033 3285 confirmamus.
2068 3221 2308 3287 Datum
2345 3219 2524 3284 Bude
2557 3221 2622 3286 in
2659 3217 2768 3287 die
2790 3220 3098 3286 Oinerum

861 3344 1033 3392 anno
1064 3324 1332 3392 Domini
1385 3323 1485 3386 M⁰
1526 3325 1668 3392 00⁰
1700 3324 2166 3394 LXXXX1v⁰.

1289 3533 1592 3606 (Cornides
1619 3535 1901 3594 keziratai
1928 3539 2082 3595 VIII.
2107 3539 2426 3597 kb'tetelbc'il.
2466 3544 2673 3610 Czech.)

1716 3839 2206 3856 μ’*
