3416 5313
1801 318 1936 413 '46

1826 1015 1945 1081 2⁹.

765 1213 801 1274 1
820 1212 886 1280 V.
911 1210 1336 1298 Mikldspdpa
1357 1237 1397 1277 a
1415 1237 1499 1282 εκ.
1534 1215 1805 1279 Ferencz
1837 1213 2041 1278 rendit
2056 1214 2405 1278 szlavoniai
2424 1206 3021 1295 tartomdnyf6·n'o’k-

767 1322 885 1386 nek
933 1322 1318 1407 meykayyja,
1353 1320 1511 1410 hoqy
1543 1322 1643 1386 ke't
1675 1331 1992 1387 ezerzetest
2024 1318 2602 1408 hitinquisitorokztl
2649 1314 3013 1381 Bosznidba

1640 1428 1926 1516 kuldjo'n.
1977 1430 2169 1492 1291.

984 1629 1296 1695 Nicolaus
1328 1626 1701 1712 Episcopus
1753 1645 1983 1692 seruus
2035 1644 2376 1692 seruorum
2416 1623 2542 1692 Dei
2596 1622 2840 1688 dilecto
2888 1618 3028 1687 filio

777 1786 792 1801 .
827 1787 842 1802 .
878 1788 893 1803 .
926 1736 1226 1804 Ministro
1280 1736 1545 1803 Ordinis
1580 1737 1902 1803 Minorum
1936 1735 2272 1803 Provintie
2329 1733 2685 1801 Sclavonie
2738 1733 3030 1798 salutem

777 1849 841 1911 et
868 1846 1314 1933 Apostolicam
1345 1844 1896 1912 benedictionem.
1929 1845 2052 1909 Pre
2090 1842 2343 1912 cunctis
2378 1848 2602 1910 nostre
2636 1839 2881 1906 mentis
2916 1838 3033 1902 de-

777 1950 1243 2019 siderabilibus
1279 1950 1618 2021 Catholice
1672 1953 2142 2020 incrementum
2178 1951 2335 2018 fidei
2367 1949 2782 2030 affectantes,
2820 1945 3026 2011 nimio

770 2059 995 2149 utique
1027 2059 1248 2129 dolere
1282 2063 1644 2144 replemur,
1698 2081 1844 2127 cum
1894 2062 2194 2128 audimus
2244 2061 2505 2142 aliquos
2560 2060 2668 2124 vel
2702 2056 3027 2122 sentimus

776 2168 864 2235 ad
894 2168 1070 2234 illius
1104 2169 1597 2255 depressionem
1637 2171 2079 2253 qualicunque
2100 2169 2515 2253 malignitate
2549 2171 2883 2250 satagere,
2918 2161 3033 2230 vel

778 2275 1313 2361 dampnabilibus
1346 2279 1557 2360 ipsam
1612 2277 2040 2363 depravando
2090 2276 2706 2362 reprehensionibus
2763 2279 2881 2339 aut
2915 2273 3033 2338 de-

778 2382 1214 2452 tractionibus
1251 2384 1310 2449 ei
1366 2385 1795 2469 abrogalibus
1832 2385 2251 2469 derogando,
2304 2405 2420 2452 seu
2454 2384 2842 2451 commentis
2880 2401 3039 2446 ean-

783 2493 932 2558 dem
965 2492 1376 2560 mordacibus
1396 2492 1861 2577 pervertendo,
1897 2497 1983 2561 ad
2004 2513 2272 2578 quorum
2296 2493 2520 2576 iniqua
2545 2489 3042 2562 consternenda.

783 2600 1112 2667 molimina
1144 2620 1221 2668 eo
1255 2601 1618 2670 animosius
1652 2602 2044 2688 aspiramus,
2082 2623 2209 2688 quo
2244 2606 2311 2672 in
2342 2606 2707 2671 animarum
2738 2608 3039 2685 stragem

784 2710 1211 2796 pernitiosius
1247 2729 1361 2776 eos
1396 2712 1821 2797 agnoscimus
1872 2712 2272 2797 conspirare.
2311 2714 2509 2796 Sane,
2552 2713 2731 2779 sicut
2763 2707 3039 2794 accepi-

785 2839 950 2904 muS,
985 2821 1050 2885 in
1081 2818 1463 2906 Principatu
1491 2818 1735 2886 Bosnie
1753 2869 1771 2902 ,
1826 2820 2164 2888 carissimo
2218 2823 2285 2888 in
2320 2821 2581 2889 Christo
2631 2822 2769 2888 filio
2802 2827 3039 2886 nostro

786 2932 851 2996 S.
885 2929 1050 3012 Regi
1085 2927 1310 2994 Servie
1342 2927 1589 2994 Illustri
1621 2927 1939 3011 subiecto,
1991 2929 2159 2995 adeo
2194 2930 2602 2998 infidelitatis
2634 2951 2820 2998 error
2851 2929 3045 2996 inva-

789 3038 924 3121 luit,
961 3037 1136 3120 quod
1170 3034 1262 3102 ibi
1294 3055 1491 3119 quam
1525 3035 1789 3122 plurimi
1845 3056 1887 3100 a
1917 3034 2029 3104 via
2066 3037 2367 3103 veritatis
2419 3057 2690 3124 prorsus
2744 3036 3044 3120 adversi,

682 3229 686 3234 .
792 3151 1022 3213 euntes
1056 3164 1174 3230 per
1208 3144 1406 3211 devia
1455 3142 1809 3224 falsitatis,
1859 3146 2207 3227 pestiferas
2241 3144 2328 3210 ad
2381 3147 2885 3214 concutiendum
2941 3164 3046 3209 or·

676 3319 685 3324 .
790 3254 1080 3321 thodoxe
1113 3272 1363 3318 murum
1396 3250 1554 3317 fidei
1604 3250 1948 3317 machinas
1996 3259 2399 3337 construant,
2430 3254 2778 3320 molientes
2814 3254 3045 3338 ipsum

790 3364 1129 3432 fallacium
1163 3358 1803 3448 argumentationum
1837 3360 2219 3443 impulsibus
2245 3360 2570 3429 demoliri.
2602 3367 2853 3432 Verum
2884 3364 3051 3428 licet

794 3472 1067 3539 ubilibet
1097 3470 1294 3536 Sedis
1346 3468 1726 3552 Apostolice
1779 3465 2126 3550 diligentia
2178 3476 2407 3535 contra
2455 3471 2685 3537 talium
2737 3473 3048 3538 dolosam

793 3581 1116 3660 astutiam,
1153 3598 1237 3643 ne
1268 3575 1563 3644 diffusius
1596 3574 1971 3642 huiusmodi
2003 3582 2226 3660 serpat
2258 3578 2543 3659 morbus,
2566 3578 2936 3646 remedium
2971 3579 3050 3646 li-

794 3689 1026 3756 benter
1076 3686 1387 3754 adhibeat
1439 3689 1865 3767 oportunum,
1920 3692 2141 3749 tamen
2187 3686 2255 3750 in
2304 3686 2687 3765 Principatu
2739 3688 3053 3771 predicto

798 3798 1139 3883 cupientes
1172 3794 1389 3871 anxie,
1424 3798 1496 3858 ut
1528 3792 1867 3877 negotium
1917 3790 2068 3856 fidei
2100 3792 2236 3877 iugi
2280 3794 2613 3880 profectu,
2669 3796 2858 3863 elisis
2914 3819 3054 3868 ome

801 3906 952 3969 nino
991 3903 1388 3985 quibuslibet
1421 3902 1788 3985 erroribus,
1844 3900 2075 3967 fortius
2127 3901 2531 3987 invalescat,
2585 3905 2934 3971 studemus
2970 3909 3055 3975 ad

798 4014 922 4078 hoc
952 4031 1070 4094 per
1102 4030 1227 4077 nos
1263 4018 1328 4075 et
1360 4010 1531 4077 alios
1582 4011 1897 4077 attentius
1938 4009 2232 4093 vigilare.
2288 4011 2702 4078 Providimus
2736 4001 2946 4097 igitur
2984 4016 3057 4080 in

799 4118 1098 4205 predicto
1168 4118 1544 4201 Principatu
1600 4110 1688 4183 ad
1740 4135 2010 4201 presens
2059 4136 2383 4202 personas
2456 4122 2714 4203 aliquas
2769 4123 3058 4190 circum-

798 4232 1063 4313 spectas
1095 4245 1215 4313 pro
1250 4230 1432 4290 tanto
1466 4227 1725 4310 negotio
1759 4217 2095 4311 deputare,
2145 4244 2417 4306 quarum
2453 4228 2740 4295 honesta
2774 4249 3058 4300 conver-

799 4338 972 4404 satio
1005 4336 1374 4418 exemplum
1407 4333 1653 4399 tribuat
1683 4330 1989 4418 puritatis
2015 4382 2032 4414 ,
2088 4337 2152 4396 et
2185 4333 2549 4400 doctrinam
2585 4337 2875 4404 fundant
2911 4362 3061 4408 eru-

799 4445 942 4512 dita
972 4444 1154 4510 labia
1185 4444 1561 4523 salutarem,
1595 4449 1666 4508 ut
1699 4460 1886 4508 sacro
1909 4441 2196 4523 ipsarum
2219 4441 2579 4518 ministerio
2613 4446 3063 4531 Principatus

798 4552 1131 4639 predictus
1164 4549 1246 4618 ab
1281 4549 1655 4616 huiusmodi
1687 4549 2017 4634 contagiis
2051 4554 2460 4633 expurgetur.
2498 4550 2737 4619 Verum
2763 4557 2926 4637 quia
2961 4560 3056 4626 de

795 4658 1140 4748 prudentie
1175 4667 1282 4725 tue
1335 4657 1653 4724 industria
1703 4657 1953 4722 firmam
1988 4655 2054 4720 in
2084 4653 2364 4724 Domino
2415 4657 2724 4728 fiduciam
2778 4667 3047 4737 obtine-
