3416 5313
1431 412 1516 479 ⁹9

1414 1072 1530 1140 63.

339 1287 437 1352 ΑΖ
490 1287 729 1375 ενᾱέίῃὶ
773 1288 1083 1375 kdptalan
1114 1287 1634 1375 bizonysdqlevele
1656 1338 1673 1372 ,
1708 1289 1866 1375 hoyy
1906 1289 2245 1355 Toroozkoi
2300 1290 2588 1357 Chelleus

343 1396 685 1463 Gerebenes
705 1396 944 1482 helysey
960 1394 1297 1481 fclcresze't
1328 1396 1832 1460 unokab’cscseire
1882 1398 2179 1461 Istvdwra
2212 1400 2274 1462 6⁸
2307 1400 2589 1465 Endrm

1162 1505 1516 1570 dtruhdzta.
1568 1506 1762 1569 1294.

558 1722 929 1809 Capitulum
978 1721 1275 1787 Ecclesie
1308 1722 1497 1786 Beati
1528 1721 1873 1788 Michaelis
1906 1722 2308 1807 Archangeli
2341 1725 2584 1790 Trans-

343 1832 618 1913 siluane,
652 1831 973 1895 vniuersis
1008 1827 1254 1896 Christi
1296 1829 1605 1895 fidelibus
1638 1836 1773 1894 tam
1806 1830 2226 1913 presentibus
2261 1850 2458 1914 quam
2491 1832 2586 1897 fu·-

343 1941 529 2021 turis,
559 1957 830 2025 presens
865 1938 1170 2020 scriptum
1211 1938 1599 2021 inspecturis
1642 1939 1920 2004 salutem
1955 1940 2019 2002 in
2055 1938 2338 2005 omnium
2375 1939 2588 2005 salua-

342 2056 502 2115 tore.
539 2048 1003 2113 Vniuersorum
1024 2045 1263 2112 noticie
1292 2044 1525 2111 harum
1558 2046 1731 2113 serie
1763 2046 2198 2128 declaramus,
2236 2047 2411 2128 quod
2444 2067 2588 2112 ma-

343 2157 550 2241 gister
580 2156 886 2224 Chelleus
922 2155 1098 2221 filius
1139 2154 1448 2221 Chelleus
1482 2154 1565 2219 de
1600 2153 1969 2238 TuruzkoV,
2005 2154 2449 2238 personaliter
2481 2175 2586 2220 co·

343 2286 481 2329 ram
517 2266 708 2330 nobis
742 2262 1199 2349 comparendO,
1251 2264 1522 2330 totalem
1556 2262 1981 2329 medietatem
2037 2262 2376 2329 cuiusdam
2411 2262 2589 2330 here-

342 2373 582 2439 ditarie
616 2380 781 2437 terre
816 2391 951 2452 sue,
990 2379 1059 2435 ut
1081 2370 1249 2437 idem
1283 2370 1475 2453 dixit,
1500 2371 1878 2439 Gerebenes
1899 2380 2153 2455 uocata,
2177 2373 2243 2439 in
2265 2371 2588 2438 Comitatu

343 2483 426 2548 de
458 2479 725 2546 Thorda
778 2483 1117 2547 existentis
1140 2531 1157 2564 ,
1210 2499 1355 2545 cum
1390 2481 1687 2546 omnibus
1723 2482 2118 2548 vtilitatibus
2151 2483 2291 2549 suis
2331 2487 2397 2549 et-
2445 2500 2580 2567 per-

344 2590 671 2673 tinenciis,
702 2591 822 2656 sub
858 2590 1112 2654 eisdem
1143 2589 1427 2673 antiquis
1452 2590 1663 2673 metis,
1699 2591 1930 2677 signis,
1964 2609 2081 2658 seu
2116 2591 2428 2675 terminis,
2453 2590 2593 2674 qui-

347 2699 467 2764 hus
504 2718 648 2765 eam
682 2699 915 2765 habuit
970 2705 1036 2763 et
1068 2698 1386 2784 possedit,
1420 2698 1624 2784 dedit,
1659 2700 1951 2777 donauit,
1973 2707 2038 2769 et
2070 2698 2589 2767 irreuocabiliter

347 2807 613 2873 contulit
646 2807 941 2890 cognatis
994 2807 1165 2891 eius,
1197 2806 1537 2890 Stephano
1573 2808 1846 2893 scilicet,
1882 2816 1947 2876 et
1983 2807 2248 2874 Andree
2280 2808 2432 2873 filiis
2463 2808 2592 2875 He-

346 2916 629 3002 lemban,
667 2916 909 2999 genitis
942 2935 1025 2980 ex
1067 2913 1331 2981 domina
1361 2935 1600 2999 sorore,
1634 2916 1913 3000 predicti
1932 2915 2240 2983 Chelleus
2262 2954 2349 2963 ——
2380 2951 2467 2965 -—-
2505 2952 2588 2966 —-

345 3024 555 3107 sui,wet
574 3044 694 3108 per
716 3044 831 3094 eos
853 3024 1208 3091 eorundem
1231 3025 1719 3091 successoribus
1743 3026 1880 3091 iure
1912 3031 2228 3109 perpetuo
2248 3023 2593 3110 possiden-

345 3131 500 3198 dam
533 3140 599 3199 et
629 3132 1020 3200 habendam.
1072 3135 1147 3199 In
1182 3132 1364 3198 cuius
1415 3135 1510 3196 rei
1561 3134 2024 3216 testimonium,
2069 3141 2585 3218 perpetuamque

341 3238 731 3327 firmitatem,
766 3241 856 3307 ad
887 3242 1276 3327 peticionem
1311 3248 1375 3308 et
1407 3241 1795 3308 instanciam
1838 3241 2280 3326 predictorum
2320 3261 2584 3329 presen-

346 3354 446 3414 tes
481 3349 927 3417 concessimus
949 3350 1208 3415 litteras
1229 3349 1578 3414 munimine
1601 3350 1803 3415 nostri
1835 3349 2038 3433 sigilli
2069 3350 2433 3416 rohoratas.
2456 3348 2593 3416 Da·

342 3463 479 3523 tum
502 3457 814 3541 magistro
836 3457 1160 3525 Michaele
1179 3458 1543 3543 Preposito,
1566 3458 1883 3542 Gregorio
1909 3457 2210 3545 Cantore,
2232 3458 2442 3526 Paulo
2464 3456 2590 3524 Cu·

346 3565 554 3644 stode,
585 3566 782 3632 Petro
819 3564 1306 3632 Archidiacono
1359 3564 1442 3630 de
1476 3563 1655 3648 Olus,
1721 3565 1987 3631 Decano
2020 3566 2320 3633 Ecclesie
2369 3571 2590 3633 nostre

346 3674 797 3742 existentibus.
830 3677 1018 3740 Anno
1050 3672 1315 3740 Domini
1347 3672 1463 3738 ΜΟ.
1502 3673 1661 3741 00⁰.
1695 3674 2126 3759 nonagesimo
2160 3680 2406 3759 quarto.

344 3887 626 3960 (Teutsch
653 3888 715 3944 e's
740 3887 1060 3944 Firnhaber
1086 3886 1556 3944 Urkundenbuch
1582 3905 1685 3942 zur
1724 3882 2073 3942 Geschiehte
2119 3884 2589 3960 Siebenbiirgens

1240 3979 1283 4033 Ι.
1309 3978 1427 4034 Ιιὸῐ.
1470 3977 1592 4034 188.
1619 3976 1680 4049 l.)

1212 4269 1739 4277 —mmffl

2283 4823 2383 4894 7.
