3416 5313
1890 441 2027 506 202

1886 1103 2041 1171 130.
2110 1182 2113 1185 ‚

843 1309 976 1378 III.
1003 1306 1216 1374 Endrs
1247 1300 1461 1386 kirdly
1493 1322 1533 1364 α
1554 1299 1837 1365 Rathold
1858 1303 1920 1365 6³
1937 1298 2483 1386 Sarthyvanvecho
2513 1300 2927 1387 nemzetsdqek
2957 1312 3089 1389 taq-

1234 1411 1350 1497 jai
1380 1408 1520 1476 kvzt
1551 1408 2141 1494 birtokcseret‘hdqy
2174 1407 2445 1514 ἠεζῃόοη.
2478 1411 2675 1477 1199.

1051 1610 1193 1677 Nos
1243 1605 1549 1674 Andreas
1601 1603 1730 1673 Dei
1781 1604 2010 1690 gracia
2039 1606 2181 1671 Rex
2234 1605 2574 1689 Hungaris
2627 1603 3081 1688 significamus

842 1717 1165 1787 uniuersis
1189 1765 1204 1796 ,
1258 1714 1495 1797 quibus
1527 1719 1876 1798 presentes
1911 1711 2338 1780 ostendentur
2358 1762 2376 1795 ,
2410 1714 2724 1781 memorie
2763 1734 3090 1782 commen·

844 1829 1076 1898 dantes
1096 1878 1115 1912 ,
1149 1824 1329 1908 quod
1360 1822 1600 1889 nobilis
1653 1822 1755 1887 vir
1790 1822 2170 1890 Dominicus
2203 1823 2520 1905 Magister
2552 1821 3089 1891 Towarnicorum

841 1941 1210 2003 nostrorum
1245 1931 1328 1998 de
1362 1948 1605 2015 genere
1640 1929 1930 1996 Rathold
1961 1928 2047 1996 ab
2092 1949 2225 1995 una
2257 1935 2468 2014 parte,
2504 1928 2881 2013 Stephanus
2913 1928 3089 1997 filius

839 2044 1010 2128 Jule,
1031 2040 1352 2108 Martinus
1385 2042 1449 2102 et
1469 2038 1838 2105 Demetrius
1871 2035 1989 2102 filii
2013 2038 2274 2106 Nicolai
2298 2037 2383 2104 de
2415 2057 2655 2120 genere
2680 2037 3086 2126 Sarthyvan-

840 2151 1067 2219 weche
1101 2169 1183 2217 ex
1234 2148 1487 2230 altera,
1540 2145 1959 2232 presentibus
2012 2146 2267 2212 comite
2316 2144 2573 2214 Thoma
2627 2132 3089 2215 filio'Oomitis

840 2259 1104 2326 Andree
1127 2310 1145 2343 ,
1180 2254 1430 2323 Comite
1462 2254 1784 2321 Nitriensi
1818 2259 1884 2318 et
1916 2253 2256 2319 Barsiensi
2279 2304 2297 2339 ,
2352 2261 2417 2321 et
2448 2254 2749 2340 Herryeo
2792 2252 2925 2322 filio
2960 2254 3082 2323 Co-

842 2367 1015 2432 mitis
1044 2360 1212 2430 Loth
1262 2361 1346 2427 de
1395 2379 1638 2446 genere
1685 2359 1966 2445 Bolugh,
2020 2358 2440 2444 Consiliarijs
2495 2363 2739 2428 nostris
2796 2359 2916 2444 per
2958 2364 3087 2429 Re-

738 2505 741 2508 ·
840 2491 1037 2554 gnum
1070 2469 1424 2554 deputatis,
1459 2469 1615 2535 item
1649 2464 1925 2534 Nicolao
1960 2466 2287 2554 Vayvoda
2332 2468 2467 2535 filio
2501 2469 2806 2550 Magistri
2837 2470 3088 2536 Mauri-

708 2638 712 2641 .
842 2578 950 2665 cij,
983 2576 1301 2664 Magistro
1354 2579 1559 2643 Paulo
1594 2578 1677 2643 de
1714 2576 2051 2643 Komarun
2099 2577 2351 2658 Comite
2386 2571 2721 2644 Jauriensi
2774 2579 3090 2646 etaeMusu·

841 2690 1074 2774 niensi,
1109 2689 1299 2774 Moys
1319 2686 1643 2770 Magistro
1666 2685 2198 2756 Towarnieorum
2221 2687 2483 2755 domine
2502 2687 2781 2773 Agnetis
2804 2689 3079 2774 Regine,

844 2795 1236 2862 charissime
1289 2796 1616 2864 consortis
1650 2801 1892 2879 nostre,
1929 2793 2294 2862 Laurencio
2330 2794 2652 2879 Vayvoda
2703 2792 2834 2861 filio
2869 2795 3079 2862 Nico-

841 2903 954 2989 lai,
987 2903 1307 2988 Magistro
1352 2903 1543 2968 Petro
1596 2901 1773 2968 dicto
1827 2903 2048 2984 Fogos
2098 2902 2352 2969 Comite
2407 2902 2824 2988 Syculorum,
2880 2901 3083 2968 fratre

839 3010 1245 3080 venerabilis
1299 3008 1510 3096 patris
1543 3011 1613 3075 P.
1647 3010 1774 3074 Dei.
1806 3010 2033 3093 gracia
2076 3009 2392 3094 Episeopi
2443 3008 2930 3095 Transylvanie
2986 3009 3082 3079 di·

841 3119 995 3185 lecti
1029 3126 1094 3184 et
1130 3117 1349 3184 fidelis
1381 3119 1622 3203 nostri,
1681 3118 2050 3185 Baronibus
2081 3117 2324 3185 nostris
2380 3135 2603 3182 coram
2634 3101 2824 3182 nobis
2858 3135 3082 3199 perso-

838 3226 1076 3292 naliter
1112 3211 1501 3307 constitutis,
1537 3225 1803 3292 fuerunt
1858 3226 2143 3292 confessi
2173 3226 2565 3312 spontanei,
2617 3224 2982 3308 prudentes
3017 3230 3084 3290 et

840 3332 1063 3401 idonei
1092 3335 1356 3399 oraculo
1389 3331 1539 3400 vive
1571 3333 1795 3401 vocis:
1837 3334 2009 3415 quod
2042 3335 2106 3400 in
2130 3332 2527 3416 quibusdam
2549 3334 3085 3419 possessionibus

839 3442 977 3509 suis
1010 3441 1573 3525 permutacionem
1606 3459 1725 3507 seu
1779 3441 2106 3507 cambium
2141 3443 2359 3509 faeere
2408 3444 2654 3509 vellent
2683 3441 3081 3508 auctoritate

839 3556 1068 3616 nostra
1100 3547 1312 3631 Regia
1345 3549 1715 3631 mediante,
1771 3556 1834 3614 et
1866 3570 1988 3615 nos
2023 3549 2300 3638 Regium
2350 3557 2643 3616 nostrum
2697 3566 3085 3617 eonsensum

834 3656 1086 3723 eisdem
1119 3656 1468 3724 annuimus
1521 3657 1710 3742 petiti
1751 3676 1870 3741 per
1923 3654 2205 3724 eosdem.
2252 3656 2412 3740 Ipse
2466 3657 2639 3722 enim
2700 3655 3078 3742 Stephanus

840 3764 1013 3830 filius
1047 3764 1219 3848 Jule,
1252 3765 1627 3831 volentibus
1663 3771 1730 3828 et
1781 3766 2350 3839 consencientibus
2389 3765 2666 3850 prefatis
2701 3757 3085 3829 Martino‘et

839 3870 1170 3939 Demetrio
1202 3874 1285 3939 de
1334 3873 1776 3955 generacione
1806 3890 1929 3938 sua
1981 3871 2374 3956 affirmavit,
2408 3892 2482 3937 se
2536 3869 2892 3958 quamdam
2931 3889 3081 3954 pos-

823 3978 1195 4072 sessionem
1244 3998 1429 4047 suam
1480 3980 1802 4047 Puruzlou
1851 3985 2153 4047 vocatam
2208 3998 2350 4045 cum
2391 3998 2509 4046 suo
2563 3977 2967 4045 Monasterio
3007 3977 3079 4043 in

834 4086 1067 4154 eadem
1099 4088 1520 4170 possessione
1551 4093 1922 4155 constructo
1955 4090 2021 4154 in
2051 4094 2243 4175 portu
2275 4088 2464 4171 Tyza
2502 4086 2926 4171 adjacentem
2953 4133 2972 4168 ,
3007 4085 3076 4150 in

833 4192 1165 4261 Comitatu
1197 4194 1279 4260 de
1312 4192 1769 4280 Heves-Ujvar
1802 4196 2209 4279 existentem,
2258 4212 2405 4262 cum
2438 4194 2733 4260 omnibus
2767 4189 3073 4259 utilitati·

834 4304 957 4368 bus
1013 4307 1079 4367 et
1129 4302 1562 4388 pertineneijs
1613 4304 1750 4371 suis
1801 4304 2125 4370 universis
2171 4300 2438 4368 dedisse
2471 4305 2534 4365 et
2587 4299 2952 4370 contulisse
3009 4299 3080 4367 in

838 4409 1399 4497 permutacionem
1453 4417 1519 4476 et
1570 4410 1896 4477 cambium
1936 4411 2433 4497 possessionum
2483 4407 2755 4475 inferius
2804 4405 3083 4475 conseri·

840 4523 1100 4602 ptarum
1152 4518 1328 4585 dicto
1371 4518 1715 4585 Dominico
1768 4519 2089 4601 Magistro
2142 4517 2639 4584 Towarnicrum
2690 4524 3085 4598 nostrorum,

840 4633 906 4691 et
938 4643 1056 4710 per
1089 4624 1303 4710 ipsum
1340 4626 1477 4691 suis
1505 4625 1897 4707 heredibus,
1952 4623 2404 4708 heredumque
2437 4643 2704 4691 suorum
2745 4641 3082 4691 successo-

842 4734 1023 4802 ribus
1052 4735 1201 4817 Jure
1233 4742 1551 4821 perpetuo
1586 4742 1651 4801 et
1682 4732 2249 4816 irreuocabiliter,
2296 4732 2596 4819 pacifice,
2637 4731 2989 4817 tranquille
3024 4737 3090 4799 et
