3416 5313
1889 402 2024 473 220

817 598 994 662 meta
1022 593 1250 682 incipit
1281 616 1364 665 ex
1395 598 1605 685 plaga
1654 598 2049 669 occidentali
2079 602 2153 669 in
2192 621 2319 670 vno
2352 602 2534 688 byn-ch
2563 604 2798 691 Kapus
2850 606 3067 673 nomi-

814 707 990 789 nate,
1020 702 1133 770 vbi
1184 703 1635 773 conuicinatur
1673 726 1819 777 cum
1853 709 2284 792 possessione
2316 708 2611 779 eiusdem
2648 709 2897 779 domini
2928 711 3063 778 Ab·

816 809 993 879 batis
1026 810 1279 897 Egeres
1313 821 1569 893 vocata,
1604 814 1671 880 in
1704 833 1837 899 quo
1891 814 2154 898 quidem
2185 819 2422 903 Kapus
2452 818 2676 905 Byrch
2710 839 2907 888 vnam
2940 839 3076 886 me-

816 924 952 986 tam
985 925 1264 989 terream
1296 921 1687 1004 reperiendo
1722 922 1926 993 aliam
1973 944 2213 992 nouam
2253 932 2498 995 metam
2529 944 2735 1010 penes
2787 926 3072 994 eandem

815 1025 1223 1114 erexissent3
1276 1029 1521 1096 abhinc
1552 1032 1977 1119 progreditur
2013 1053 2245 1103 versus
2276 1034 2550 1120 plagam
2582 1033 3075 1102 meridionalem

818 1134 1282 1205 descendendo
1316 1138 1408 1205 ad
1451 1138 1696 1209 vallem
1746 1160 2079 1227 magnam,
2111 1143 2224 1212 vbi
2258 1143 2388 1211 duo
2421 1143 2618 1211 riuuli
2650 1142 3072 1228 Makobijke·

816 1244 1069 1331 pataka
1103 1245 1237 1313 alio
1271 1246 1537 1315 nomine
1569 1248 2052 1336 Darochpatak
2085 1256 2150 1319 et
2187 1251 2758 1345 Inaktelkpatalxa
2788 1249 3078 1319 invicem

818 1354 1096 1439 cadunt,
1146 1354 1258 1421 vbi
1309 1356 1546 1425 eadem
1598 1357 1936 1442 possessio
1984 1358 2390 1442 Bogartelke
2438 1365 3077 1427 commetanearetur

817 1481 960 1530 cum
1012 1462 1544 1546 possessionibus
1605 1465 1965 1535 Inaktelke
2024 1467 2344 1535 nobilium
2415 1466 2497 1535 de
2547 1466 2936 1545 Wasarhel,
3012 1472 3079 1532 et

817 1569 1022 1641 Mako
1053 1570 1555 1660 Episcopalem3
1589 1573 1832 1643 deinde
1862 1595 1981 1661 per
2014 1594 2274 1642 cursum
2307 1594 2425 1645 sev
2458 1579 2744 1647 meatum
2778 1572 3077 1642 eiusdem

819 1676 1014 1747 riuuli
1052 1681 1455 1750 transeundo
1487 1681 1579 1750 ad
1613 1682 1856 1750 bonum
1890 1683 2212 1770 spacium,
2244 1683 2358 1754 vbi
2388 1682 2561 1752 idem
2611 1681 2864 1750 riuulus
2897 1681 3081 1750 cadit

820 1784 908 1854 ad
938 1783 1207 1855 fluuium
1254 1786 1505 1868 Nadus,
1554 1786 1800 1858 abinde
1833 1791 2200 1878 peripsum
2252 1788 2517 1858 fluuium
2567 1789 2799 1857 Nadas
2845 1807 3080 1857 versus

816 1895 1088 1983 plagam
1135 1895 1634 1967 meridionalem
1665 1897 1995 1967 tendendo
2046 1899 2133 1968 ad
2180 1916 2487 1983 magnum
2539 1897 2838 1984 spacium
2868 1916 3080 1984 usque

818 2003 1186 2088 MakoteW.,
1235 2005 1349 2074 vbi
1381 2009 1503 2076 sub
1553 2007 1837 2090 quodam
1889 2015 2112 2076 monte
2145 2025 2383 2091 magno
2417 2024 2630 2093 prope
2683 2010 2941 2091 portum
2976 2005 3079 2092 ip·

819 2112 954 2182 sius
984 2109 1166 2198 fluuij
1199 2111 1450 2200 Nadas,
1490 2114 1601 2197 qui
1630 2115 1887 2185 scilicet
1938 2113 2274 2185 scinderet
2306 2116 2525 2202 ipsam
2575 2114 3080 2203 possessionem

819 2219 1101 2289 Abbatis
1135 2225 1202 2289 et
1253 2223 1748 2308 possessionem
1797 2226 1998 2294 Mako
2030 2221 2451 2309 antedictam,
2499 2222 2673 2307 duas,
2698 2227 2911 2290 metas
2941 2228 3080 2289 ter-

820 2349 1011 2415 reas,
1062 2350 1338 2414 quarum
1368 2349 1502 2398 vna
1531 2352 1576 2399 a
1606 2337 1800 2418 parte
1850 2331 2123 2403 orientis
2155 2330 2570 2419 possessioni
2616 2328 2794 2416 'Pyre
2844 2335 3102 2397 vocate=

820 2436 1207 2524 Episcopali
1238 2446 1630 2523 separantes
1664 2439 2073 2525 erexissent3
2109 2438 2350 2509 deinde
2387 2457 2617 2507 versus
2648 2437 2920 2524 plagam
2952 2433 3081 2503 ori·

819 2543 1104 2612 entalem
1135 2542 1610 2630 progrediendo
1651 2545 1899 2616 directo
1939 2544 2205 2614 scandit
2235 2544 2323 2613 ad
2355 2546 2564 2632 ipsum
2617 2549 2901 2611 montem
2934 2563 3075 2610 ma·

822 2671 1042 2738 gnum,
1072 2651 1193 2720 sub
1226 2673 1355 2740 quo
1387 2650 1566 2722 dicte
1600 2652 1727 2721 due
1757 2662 1929 2722 mete
1962 2661 2186 2722 essent
2216 2662 2455 2739 erecte,
2488 2653 2555 2721 in
2587 2651 2767 2721 cuius
2820 2649 3087 2720 summi·

819 2763 961 2828 tate
994 2758 1061 2826 in
1092 2781 1224 2830 vno
1272 2760 1459 2847 byrele
1491 2762 1658 2831 duas
1710 2769 1923 2832 metas
1969 2769 2230 2845 ⁴terreas
2262 2783 2536 2849 quarum
2566 2779 2699 2829 vna
2747 2778 2831 2827 ex
2881 2759 3086 2845 plaga

821 2867 1222 2938 occidentali
1271 2871 1404 2938 iam
1438 2871 1614 2940 dicte
1645 2871 2058 2957 possessioni
2105 2871 2512 2956 Bogartelke
2542 2869 2749 2956 ipsius
2782 2868 3071 2936 Abbatis

823 2987 891 3043 et
920 2976 1060 3047 alia
1092 2997 1137 3044 a
1166 2979 1368 3064 plaga
1402 2979 1713 3049 orientali
1744 2978 2006 3066 prefata
2052 2979 2468 3067 possessioni
2501 2976 2869 3064 episcopali
2902 2974 3086 3063 'Pyre

822 3092 1214 3171 separantes
1247 3087 1651 3171 erexissent3
1704 3087 1950 3155 abhinc
2001 3107 2120 3176 per
2152 3085 2433 3156 eandem
2483 3087 2755 3173 plagam
2806 3083 3084 3150 descen-

823 3193 1039 3262 dendo
1073 3195 1158 3263 de
1207 3193 1355 3280 ipso
1408 3202 1627 3264 monte
1675 3194 1981 3263 saliendo
2014 3214 2211 3265 vnam
2244 3194 2422 3264 viam
2453 3212 2765 3277 magnam
2815 3197 3087 3259 euntem

824 3303 908 3369 de
941 3303 1088 3388 ipsa
1136 3302 1561 3389 possessione
1613 3302 2018 3388 Bogartelke
2052 3301 2138 3371 ad
2170 3302 2540 3388 predictam
2591 3300 3086 3387 possessionem

826 3410 1002 3496 Tyre
1035 3428 1229 3495 super
1277 3430 1470 3478 vnum
1510 3410 1858 3478 rotundum
1911 3414 2194 3477 montem
2247 3409 2488 3479 Holum
2539 3409 2951 3495 appellatum
3004 3406 3089 3473 si-

825 3517 1069 3587 militer
1119 3514 1283 3587 duas
1319 3522 1553 3604 metas,
1606 3536 1873 3605 quarum
1923 3538 2053 3586 vna
2106 3517 2365 3602 prefate
2405 3517 2814 3607 possessioni
2843 3520 3093 3598 Bogar-

821 3626 1000 3714 telk,
1035 3625 1173 3695 alia
1218 3645 1374 3693 vero
1404 3626 1816 3716 possessioni
1847 3627 2026 3713 Tyre
2058 3625 2394 3695 antedicte
2426 3623 2912 3712 distinguentes
2946 3646 3087 3694 ere-

826 3734 1104 3803 xissent.
1154 3734 1387 3804 Adhuc
1422 3734 1696 3803 vlterius
1728 3752 1960 3804 versus
2001 3732 2276 3821 plagam
2311 3733 2891 3822 septentrionalem
2933 3753 3086 3821 pro-

826 3841 1119 3922 cedendo
1152 3844 1220 3910 in
1252 3862 1383 3912 vno
1415 3842 1602 3930 byrch
1642 3842 1890 3910 siluoso
1922 3840 2090 3911 duas
2124 3849 2334 3910 metas
2366 3847 2619 3910 terreas
2658 3841 2743 3909 de
2778 3860 2951 3908 nouo
2976 3862 3083 3909 cu·

822 3950 1189 4020 mulassent
1235 3957 1628 4036 separantes
1662 3950 1831 4016 inter
1857 3948 2323 4037 possessiones
2373 3953 2795 4035 prenotatas;
2826 3946 3087 4015 abhinc

823 4060 893 4127 in
927 4057 1161 4126 eodem
1218 4058 1407 4152 bysch
1459 4058 1712 4126 siluoso
1764 4079 1995 4127 versus
2044 4060 2313 4145 plagam
2364 4056 2689 4144 aquilonis
2742 4057 3086 4142 progredi·

824 4166 995 4234 endo
1037 4168 1249 4254 iungit
1295 4186 1495 4237 vnam
1547 4172 1790 4236 metam
1837 4177 2128 4237 terream
2180 4186 2489 4252 magnam
2539 4166 2946 4252 perforatam
2999 4164 3084 4231 de

823 4295 997 4346 nouo
1029 4276 1368 4363 effossam
1403 4276 1623 4345 adhuc
1643 4296 1771 4364 per)
1784 4275 2057 4346 eandem
2080 4274 2353 4362 plagam
2384 4273 2796 4344 transeundo
2821 4273 2890 4340 in
2925 4290 3085 4359 quo-

828 4387 984 4454 dam
1014 4384 1199 4471 by-rclz
1220 4384 1462 4453 siluoso
1496 4386 1669 4454 circa
1690 4384 2021 4472 quandam
2042 4384 2219 4451 viam
2252 4381 2514 4450 venitur
2545 4381 2633 4447 ad
2667 4382 2834 4448 duas
2867 4385 3084 4447 metas

824 4493 1152 4576 antiquas,
1187 4511 1464 4581 quarum
1499 4512 1632 4561 vna
1678 4490 2223 4579 possessionibus
2255 4489 2466 4575 ipsius
2487 4486 2792 4572 Abbatis,
2826 4487 3086 4573 Egeres

824 4610 894 4668 et
927 4600 1259 4669 Hontelke
1279 4600 1688 4686 nuncupatis,
1723 4600 1862 4668 alia
1879 4620 2037 4669 vero
2060 4598 2472 4686 possessioni
2492 4595 2878 4682 Episcopali
2899 4596 3089 4684 'Pyre

819 4716 1216 4804 separantes
1248 4711 1688 4805 reperissent,
1724 4728 1928 4801 penes
1981 4728 2146 4800 quas
2177 4706 2455 4780 terciam
2505 4715 2750 4774 melam
2781 4723 2901 4794 pro
2936 4720 3088 4791 pre·
