3416 5313
1436 356 1566 424 253

1347 453 1662 462 m—-W

381 557 691 628 Michaeli
719 559 853 627 filio
883 563 1107 645 Lugas
1138 558 1404 627 vendite
1427 612 1445 645 ,
1483 560 1650 625 sicut
1682 556 2011 640 quanlitas
2062 555 2271 641 ipsius
2306 556 2628 643 particule

378 676 548 733 terre
582 667 845 735 vendite
878 667 945 732 in
978 666 1328 752 priuilegio
1368 666 1662 733 eiusdem
1698 663 2042 729 Michaelis
2079 664 2447 730 continetur
2468 715 2485 748 ,
2519 666 2628 733 de-

381 776 499 860 dit,
534 776 808 845 tradldit
840 784 907 844 et
928 776 1195 842 contulit
1227 773 1546 860 predictis
1568 774 1841 840 Edeuch
1877 777 1940 837 et
1975 773 2228 839 Berkes
2264 775 2626 842 Comitibus

377 883 687 949 similiter
708 881 1017 950 heredum
1039 903 1154 969 per
1187 883 1463 951 heredes
1494 889 1813 967 perpetue
1846 877 2122 962 pacifice
2159 879 2624 963 possidendam

377 996 445 1057 et
474 990 872 1058 habendam.
908 990 1051 1059 Hoc
1086 1010 1202 1076 per
1235 992 1446 1078 ipsum
1479 990 1798 1060 Comitem
1832 988 2079 1074 Mykou
2111 989 2488 1073 specialiter
2521 1011 2625 1057 as·

376 1104 574 1182 supto
610 1096 780 1185 (lgy)
814 1099 990 1181 quod
1023 1100 1079 1167 si
1113 1101 1328 1184 ipsam
1364 1098 1761 1184 particulam
1796 1102 1990 1183 terre,
2024 1097 2362 1165 Michaelis
2396 1099 2626 1170 videli-

377 1212 484 1272 cet
514 1205 636 1290 filij
673 1205 917 1290 Lugas‚
951 1208 1396 1291 supradictam
1431 1207 1510 1273 de
1532 1207 1683 1290 ipsa
1715 1213 1891 1274 terra
1922 1206 2119 1274 Zeleu
2149 1204 2325 1290 apud
2358 1206 2624 1276 eosdem

375 1312 649 1380 Edeuch
683 1321 749 1380 et
778 1314 1032 1382 Berkes
1066 1314 1354 1383 Comites
1388 1312 1581 1381 modo
1614 1313 1958 1399 prehabito
1995 1319 2330 1403 statutam,
2363 1339 2621 1388 conser-

372 1441 537 1489 uare
570 1442 700 1489 non
743 1428 989 1508 posset,
1041 1430 1279 1490 extunc
1312 1422 1396 1488 de
1448 1428 1626 1509 terra
1662 1439 1787 1489 sua
1818 1422 2085 1506 propria
2116 1426 2329 1495 Bussa
2383 1434 2625 1496 vocata

372 1537 628 1600 tantam
659 1531 1054 1615 particulam
1104 1540 1277 1601 terre
1310 1536 1374 1598 et
1406 1536 1590 1598 tante
1621 1530 1945 1616 Vtilitatis,
1981 1540 2228 1614 quanta
2270 1537 2495 1618 porcio
2528 1536 2621 1602 di·

373 1640 467 1705 cti
499 1639 841 1707 Michaelis
873 1639 991 1725 filij
1027 1639 1249 1726 Lugas
1281 1640 1349 1705 in
1381 1639 1532 1724 ipsa
1573 1643 1751 1704 terra
1798 1637 1996 1706 Zeleu
2047 1641 2186 1706 fore
2240 1640 2626 1725 dinoscitur,

376 1747 753 1833 assignabit
785 1749 1033 1817 eisdem
1068 1749 1338 1817 Edeuch
1370 1755 1434 1815 et
1464 1748 1719 1816 Berkes
1753 1747 2133 1833 comitibus,
2153 1770 2194 1816 a
2224 1759 2414 1836 parte
2445 1759 2620 1821 terre

372 1855 598 1941 Zeleu,
629 1857 1110 1942 perhempniter
1149 1854 1618 1943 possidendam
1645 1878 1662 1941 3
1694 1862 1920 1941 partes
1955 1861 2184 1924 contra
2232 1860 2513 1928 inuicem
2547 1880 2619 1928 se

369 1960 647 2029 firmiter
699 1965 1090 2051 obligantes,
1129 1967 1304 2049 quod
1335 1965 1391 2033 si
1440 1967 1550 2049 qui
1589 1982 1905 2048 processu
1951 1969 2314 2049 temporum
2365 1978 2619 2052 partem

370 2072 663 2155 aliquam
698 2074 962 2158 deipsis
993 2075 1292 2158 partibus
1328 2094 1531 2160 super
1562 2073 1731 2157 ipsis
1762 2074 2290 2156 possessionibus
2322 2077 2616 2159 utrisque

373 2180 674 2263 partibus
696 2183 885 2248 modo
906 2182 1228 2265 premisso
1249 2202 1366 2267 per
1384 2181 1661 2249 formam
1684 2182 2051 2267 concambij
2075 2185 2307 2251 satutis
2331 2182 2504 2271 (igy)
2527 2185 2619 2249 in-

372 2293 604 2372 petere
623 2295 737 2354 aut
755 2285 1108 2355 molestare
1141 2288 1520 2370 niterentur,
1542 2307 1673 2354 una
1694 2307 1851 2372 pars
1873 2288 2152 2354 alteram
2172 2291 2306 2357 suis
2340 2291 2620 2377 propriis

371 2394 714 2462 laboribus
746 2401 812 2461 et
861 2396 1171 2480 expensis
1213 2394 1572 2464 defendere
1605 2396 1973 2479 tenebitur,
2008 2398 2232 2480 sicque
2285 2418 2413 2465 una
2461 2419 2617 2485 pars

370 2503 573 2570 aliam
605 2502 673 2567 in
723 2501 996 2587 pacifica
1045 2504 1464 2587 possessione
1506 2504 1826 2569 dictarum
1877 2510 2196 2571 terrarum
2250 2504 2440 2572 modo
2471 2525 2619 2593 pre·

371 2612 577 2679 misso
611 2618 1120 2695 permutatarum
1153 2633 1226 2683 se
1257 2617 1480 2681 mutuo
1530 2612 1811 2680 inuicem
1862 2630 2120 2698 semper
2160 2614 2615 2700 conseruabit3

373 2728 444 2787 et
476 2720 667 2789 ambe
700 2728 926 2804 partes
959 2723 1323 2789 secundum
1361 2721 1528 2806 quod
1550 2730 2066 2806 assumpserant,
2100 2730 2166 2789 et
2197 2743 2269 2788 se
2303 2744 2416 2808 per
2449 2723 2618 2790 litte-

371 2848 486 2895 ras
520 2828 762 2894 domini
793 2828 994 2914 Regis
1029 2830 1491 2915 obligauerant
1520 2828 1588 2895 in
1621 2829 1972 2897 Dominica
2004 2830 2306 2914 proxima
2337 2837 2492 2897 ante
2523 2831 2615 2896 fe-

369 2947 544 3006 stum
580 2939 810 3005 Sancti
841 2930 1047 2987 -*—
1081 2975 1165 2988 --
1198 2944 1623 3007 accesserunt
1655 2940 1745 3005 ad
1784 2938 2023 3005 faciem
2058 2938 2381 3005 dictarum
2415 2946 2620 3006 terra·

371 3068 515 3114 rum
547 3056 855 3135 presente
888 3047 1139 3116 Comite
1172 3048 1425 3116 Thoma
1461 3048 1544 3115 de
1584 3050 1775 3134 Dray
1804 3047 2063 3113 homine
2098 3048 2343 3113 domini
2391 3049 2613 3132 Regis,

328 3158 333 3161 ’
371 3162 440 3223 et
471 3156 755 3224 discreto
788 3158 927 3224 viro
963 3157 1336 3226 Walentino
1370 3157 1715 3226 sacerdote
1746 3158 2006 3242 ydoneo
2041 3164 2109 3223 et
2141 3155 2472 3239 fidedigno
2506 3176 2617 3223 no·

371 3271 510 3333 stro
544 3265 938 3350 testimonio,
974 3274 1039 3333 et
1073 3269 1452 3336 conuocatis
1485 3267 1646 3335 inibi
1697 3267 1931 3334 uicinis
1965 3265 2333 3332 eorumdem
2364 3264 2617 3351 predict

367 3410 458 3423 -
491 3410 578 3421 -
610 3409 696 3423 -
717 3413 800 3423 --
834 3377 1026 3441 metis
1059 3375 1497 3459 infrascriptis
1536 3377 1712 3442 idem
1742 3375 1938 3442 homo
1958 3375 2207 3443 domini
2236 3373 2439 3461 Regis
2473 3394 2614 3460 pre-

368 3488 564 3548 sente
600 3482 831 3551 eodem
879 3492 1100 3551 nostro
1152 3482 1527 3550 testimonio
1561 3484 1860 3569 partibus
1894 3486 2162 3568 statuit,
2216 3490 2410 3573 prout
2441 3490 2617 3570 post·

368 3590 639 3657 modum
672 3591 763 3657 ad
793 3611 913 3659 nos
945 3591 1194 3658 reuersi
1228 3589 1417 3660 nobis
1471 3592 1884 3659 concorditer
1931 3594 2307 3675 retulerunt,
2345 3594 2518 3675 quod
2549 3599 2618 3659 et

366 3698 573 3784 ijdem
607 3699 837 3767 Comes
868 3700 1140 3769 Edeuch
1176 3708 1240 3768 et
1273 3701 1526 3767 Berkes
1548 3701 1755 3769 frater
1788 3722 1965 3785 suus,
2001 3709 2066 3767 et
2098 3702 2243 3788 ipse
2276 3701 2367 3768 Co
2402 3738 2491 3750 —-·
2523 3735 2611 3750 —

365 3841 459 3855 —-
488 3826 569 3874 ac
600 3807 919 3876 Nicolaus
954 3817 1017 3876 et
1050 3808 1387 3877 Johannes
1420 3806 1539 3893 filij
1581 3807 1850 3876 Comitis
1885 3810 2088 3897 Byter
2119 3828 2238 3893 pro
2273 3829 2344 3877 se
2395 3813 2460 3875 et
2491 3830 2609 3895 pro

368 3915 526 3998 aliis
558 3915 868 3983 fratribus
902 3936 1124 3985 eorum
1158 3918 1224 3984 in
1256 3918 1464 3984 nostri
1513 3917 1867 4001 presencia
1914 3917 2347 4003 personaliter
2378 3918 2615 3987 consti·

365 4024 495 4090 tuti
514 4024 871 4091 secundum
904 4059 993 4097 —-
1025 4063 1113 4074 --
1134 4064 1221 4078 --
1260 4060 1334 4073 --
1374 4031 1529 4092 sunt
1549 4025 1881 4109 confessi;
1914 4032 2214 4109 preterea
2236 4026 2611 4093 adiecerunt

367 4133 572 4201 etiam
602 4134 804 4219 ijdem
837 4156 1058 4203 coram
1098 4135 1307 4219 nobis,
1332 4137 1505 4218 quod
1528 4156 1673 4204 cum
1696 4135 2013 4222 magister
2044 4136 2367 4223 Stephani
2398 4144 2464 4206 et
2482 4138 2612 4202 En·

365 4242 484 4308 dre
516 4275 605 4291 —--
637 4281 723 4292 —-
755 4278 844 4291 -
874 4245 1033 4311 dree
1065 4244 1259 4311 Curui
1292 4265 1408 4329 pro
1439 4265 1512 4311 se
1546 4253 1611 4312 et
1643 4265 1761 4328 pro
1795 4244 2060 4311 Andrea
2082 4244 2284 4315 fratre
2316 4245 2609 4330 ipsorum

365 4370 590 4417 coram
622 4349 884 4418 domino
904 4353 1084 4436 Rege
1107 4352 1544 4437 personaliter
1564 4360 2000 4437 conparentes
2021 4353 2315 4437 prefatos
2337 4353 2611 4418 Edeuch

365 4465 434 4525 et
462 4459 716 4525 Berkes
750 4459 1035 4527 Comites
1082 4460 1253 4530 filios
1302 4462 1605 4550 Dyonisij
1659 4460 1747 4527 ab
1778 4462 2150 4530 huiusmodi
2200 4460 2611 4528 alienacione

363 4586 481 4633 seu
536 4571 1030 4650 permutacione
1077 4569 1373 4652 predicte
1407 4577 1584 4638 terre
1616 4570 1792 4636 Puch
1816 4619 1835 4654 ,
1870 4577 1935 4636 et
1986 4567 2234 4654 suprad
2286 4602 2372 4614 --
2404 4606 2489 4616 —
2522 4603 2610 4614 —

361 4672 493 4745 kou
527 4698 570 4742 a
599 4677 983 4761 recepcione
1004 4676 1298 4744 eiusdem
1319 4678 1667 4762 prohibere
1689 4678 2057 4746 uoluissent
2078 4679 2393 4762 dicentes,
2431 4676 2611 4758 quod
