3416 5313
1536 372 1625 441 85

460 574 705 642 minum
734 571 1131 660 Episcopum
1166 581 1231 642 et
1261 572 1534 640 fratrem
1586 590 1775 639 suum
1809 593 2070 643 mouere
2108 573 2495 661 potuissent.
2530 576 2694 645 Item

457 703 651 771 super
682 683 982 751 omnibus
1037 688 1102 747 et
1148 681 1536 750 omnimodis
1588 681 2195 767 destruccionibus,
2227 683 2699 752 combustioni·

457 794 602 878 bus,
635 789 941 878 dampnis
974 790 1168 876 datis,
1203 797 1270 857 ct
1305 791 1588 876 iniurijs,
1620 792 1731 857 uel
1763 792 2093 861 iniuriosis
2114 792 2522 864 faccionibus
2562 793 2699 880 qui·

459 905 745 979 buslibet
791 900 947 969 hinc
967 900 1208 967 etinde
1231 900 1353 967 sub
1390 937 1477 948 —-
1510 939 1588 949 —
1626 934 1717 947 —
1748 935 1836 949 —-
1866 902 2067 970 illatis
2097 921 2305 987 usque
2324 904 2542 990 modo,
2582 920 2702 973 sev

459 1031 665 1098 usque
712 1012 937 1080 datam
1003 1008 1417 1095 presencium
1466 1008 1874 1096 litterarum,
1928 1009 2282 1079 secundum
2351 1013 2697 1082 arbitrium

458 1124 806 1213 proborum
837 1118 1122 1187 virorum
1155 1118 1786 1205 conprouincialium
1836 1120 1965 1188 sibi
1994 1119 2279 1186 invicem
2313 1127 2380 1186 et
2417 1121 2501 1190 ab
2535 1121 2699 1191 invi·

460 1218 639 1318 cem,
690 1237 912 1297 mutuo
962 1225 1453 1296 satisfacientes
1474 1278 1492 1312 ,
1545 1237 1933 1316 perpetuam
1981 1248 2217 1317 pacem
2248 1247 2321 1297 se
2350 1230 2601 1299 habere
2634 1240 2700 1300 et

456 1357 858 1412 conseruare
889 1338 956 1403 in
1004 1335 1287 1402 futurum
1339 1345 1491 1404 sunt
1540 1337 1831 1406 confessi
1877 1339 2142 1404 oraculo
2176 1337 2325 1408 viue
2361 1340 2582 1422 uocis,
2632 1349 2700 1409 et

457 1453 633 1542 quod
662 1456 895 1520 neutra
914 1448 1208 1532 parcium
1228 1446 1506 1516 alteram
1528 1456 1786 1534 partem
1820 1469 2019 1535 super
2039 1448 2366 1535 preteritis
2391 1450 2698 1537 dampnis

456 1560 852 1647 quibuslibet
880 1557 989 1625 uel
1020 1556 1278 1644 iniurijs
1311 1557 1551 1643 poterit
1582 1559 1938 1626 molestare
1969 1558 2040 1625 in
2081 1558 2389 1625 futurum.
2445 1557 2519 1626 Si
2549 1558 2696 1641 quis
2727 1616 2730 1619 ,

454 1691 610 1741 vero
662 1672 954 1756 parcium
1003 1667 1089 1732 ab
1141 1664 1516 1732 huiusmodi
1559 1665 2051 1751 composicione
2102 1667 2439 1750 resiliens,
2497 1686 2699 1751 super

455 1778 777 1867 preteritis
808 1773 1211 1860 quibuslibet
1260 1772 1585 1863 dampnis,
1618 1778 1728 1844 uel
1759 1796 1956 1862 super
1990 1775 2385 1860 quibuslibet
2430 1775 2697 1844 iniurio-

456 1892 550 1959 sis
572 1887 979 1955 faccionibus
1013 1884 1338 1953 aduersus
1360 1885 1637 1951 alteram
1658 1892 1942 1971 partem,
1979 1887 2159 1952 litem
2178 1885 2456 1952 mouerit
2477 1902 2700 1968 quam-

456 2018 766 2082 cumque;
797 1997 955 2062 item
987 2000 1132 2077 post
1186 1992 1408 2060 datam
1459 1993 1872 2078 presencium
1904 1995 1964 2061 si
1996 1997 2140 2077 quis
2187 1995 2478 2079 parcium
2525 1994 2703 2062 rixa·

453 2130 595 2178 rum
627 2103 1044 2174 susscitatrix
1064 2150 1084 2184 ,
1118 2100 1222 2168 uel
1255 2101 1851 2170 controuersiarum
1899 2103 2233 2170 incitatrix
2257 2154 2274 2188 ,
2316 2103 2699 2171 iniuriarum

456 2216 805 2302 irrogatrix
826 2264 842 2298 ,
898 2211 1326 2297 dampnorum
1363 2211 1584 2277 datrix
1633 2212 2106 2295 quorumlibet,
2162 2210 2418 2278 cedium
2451 2211 2699 2280 illatrix

454 2323 746 2394 extiterit
775 2323 841 2386 in
872 2321 1154 2386 futurum
1174 2368 1191 2403 ,
1244 2324 1309 2385 et
1339 2316 1465 2385 hoc
1496 2319 1689 2386 nobis
1725 2326 1791 2385 et
1824 2321 2131 2407 Capitulo
2176 2320 2539 2388 Boznensis
2569 2322 2698 2387 Ec-

454 2436 657 2504 clesie
686 2451 807 2519 per
837 2428 1132 2497 homines
1163 2433 1425 2496 nostros
1449 2428 2001 2496 certitudinaliter
2034 2430 2424 2513 constiterit,
2461 2437 2697 2498 extunc

453 2547 623 2611 sicut
652 2543 782 2608 iam
814 2560 988 2606 nunc
1013 2590 1029 2623 ,
1081 2535 1169 2602 ad
1199 2543 1493 2606 nostrum
1546 2545 1613 2604 et
1649 2536 1942 2606 eiusdem
1995 2538 2282 2624 Capituli
2334 2540 2697 2607 Boznensis

453 2650 749 2722 Ecclesie
782 2650 1015 2718 scitum
1035 2696 1054 2732 ,
1088 2654 1153 2713 et
1185 2648 1275 2715 ad
1304 2648 1824 2732 inquisicionem,
1856 2650 1982 2717 hec
2014 2669 2174 2734 pars
2210 2650 2385 2717 sicut
2413 2650 2696 2736 rebellis,

453 2763 684 2849 preuia
719 2758 1042 2827 citacione
1074 2758 1272 2841 facta,
1304 2758 1555 2841 absque
1593 2760 1867 2847 strepitu
1906 2759 2187 2827 alicuius
2213 2757 2447 2845 judicij
2470 2808 2488 2842 ,
2518 2757 2695 2828 omni

454 2868 824 2949 occasione,
862 2866 1194 2934 dilacione
1244 2873 1308 2932 et
1344 2865 1639 2950 qualibet
1677 2866 2246 2950 tergiuersacione
2277 2866 2580 2950 remotis,
2629 2867 2697 2934 in

452 2980 728 3048 termino
752 3030 769 3062 ,
801 2997 995 3061 quem
1029 2974 1248 3043 Judex
1284 2975 1760 3060 assignandum
1793 2975 2090 3059 duxerit,
2144 2981 2403 3041 centum
2436 2996 2695 3044 marcas

450 3092 623 3178 parti
655 3088 931 3158 aduerse
951 3087 1209 3153 soluere
1240 3092 1562 3153 teneatur.
1584 3087 1724 3153 Nos
1756 3106 1912 3153 vero
1936 3085 2311 3170 Capitulum
2333 3086 2693 3152 Boznensis

451 3202 769 3283 Ecclesie,
805 3199 1107 3265 dabimus
1140 3197 1397 3264 litteras
1432 3183 1695 3264 nostras
1730 3196 1818 3263 ad
1843 3194 2169 3263 dominum
2204 3197 2453 3282 Regem
2484 3203 2695 3263 trans-

451 3308 757 3377 ferendas
779 3357 798 3390 ,
853 3305 1364 3390 transgressoris
1397 3306 1503 3385 uel
1543 3310 2100 3388 transgressorum
2148 3303 2412 3372 nomina
2442 3319 2693 3387 sueque

448 3416 998 3505 transgressionis
1031 3414 1295 3481 modum
1320 3414 1460 3481 siue
1496 3413 1736 3482 seriem
1771 3413 2200 3482 continentes.
2236 3412 2342 3478 Ad
2362 3414 2482 3480 hec
2519 3418 2693 3480 utra-

451 3546 579 3610 que
629 3546 784 3614 pars
836 3523 1042 3592 uoluit
1091 3531 1157 3590 et
1206 3524 1606 3609 assumpsit,
1678 3530 1751 3589 vt
1800 3522 2194 3590 venerabilis
2246 3527 2438 3607 pater
2489 3519 2692 3588 domi-

449 3655 574 3701 nus
620 3641 841 3699 noster
875 3633 946 3698 P.
977 3633 1104 3699 Dei
1136 3630 1363 3716 gracia
1383 3630 1753 3717 Episcopus
1777 3628 2503 3714 Quinqueecclesiensis
2523 3629 2694 3699 hanc
2733 3677 2742 3682 -

451 3749 703 3832 partem
753 3739 1067 3807 rebellem
1102 3745 1169 3804 et
1217 3739 1544 3822 quoslibet
1575 3758 1728 3806 suos
1762 3737 1852 3803 ad
1901 3738 2114 3824 ipsam
2164 3738 2565 3822 pertinentes
2597 3738 2691 3804 in-

449 3848 808 3918 terdicendi
829 3899 847 3932 ,
897 3847 1351 3933 suspendendi
1401 3851 1467 3913 et
1516 3846 2124 3914 excommunicandi
2173 3848 2419 3914 habeat
2454 3846 2690 3933 plena-

448 3962 613 4029 riam
664 3964 1057 4045 potestatem
1083 4009 1101 4044 ,
1168 3978 1365 4042 quam
1417 3954 1677 4040 quidem
1725 3955 2129 4025 sentenciam
2177 3958 2690 4025 excommunica-

450 4071 663 4142 cionis
694 4067 867 4137 idem
907 4068 1203 4136 dominus
1242 4074 1463 4137 noster
1493 4066 1862 4153 Episcopus
1902 4064 2158 4149 absque
2208 4065 2692 4134 intermissione

452 4184 521 4250 in
571 4179 844 4249 eandem
894 4182 1186 4265 partem,
1239 4183 1307 4243 et
1355 4184 1586 4245 contra
1634 4194 1791 4243 suos
1837 4175 2252 4260 promulgare
2305 4181 2370 4240 et
2406 4176 2690 4260 promul-

452 4292 635 4380 gari,
685 4286 1025 4377 publicare
1070 4295 1135 4354 et
1163 4287 1487 4374 publicari
1516 4286 1744 4355 facere
1775 4290 2096 4354 teneatur.
2150 4284 2380 4351 Ymmo
2415 4306 2539 4353 nec
2576 4287 2692 4354 ab·

452 4402 711 4469 soluere
741 4397 989 4484 possit,
1043 4394 1250 4464 donec
1281 4394 1421 4463 leso
1453 4396 1562 4462 uel
1591 4393 1751 4463 lesis
1785 4394 1867 4461 de
1903 4393 2202 4480 dampnis
2254 4411 2473 4460 eorum
2521 4394 2687 4461 satis

450 4509 564 4578 fiat
613 4509 1072 4593 competenter.
1120 4505 1222 4572 Ab
1254 4505 1382 4572 hac
1430 4511 1647 4574 tamen
1699 4504 2040 4573 sentencia
2094 4503 2685 4572 excommunicacio

451 4617 553 4686 nis
601 4617 747 4688 sola
797 4613 1193 4684 venerabilis
1245 4635 1526 4702 persona
1557 4614 1805 4683 domini
1836 4613 2121 4701 Epscopi
2173 4612 2532 4681 Boznensis
2565 4612 2691 4681 Ec·

452 4728 653 4799 clesie
716 4723 1034 4814 excipitur
1083 4724 1515 4795 excludendo.
1591 4726 1837 4796 Datum
1886 4724 1954 4791 in
2022 4721 2186 4797 festo
2237 4720 2468 4794 Sancti
2527 4721 2681 4817 My-
