3416 5313
1403 450 1529 516 115

351 643 527 715 dicto
564 644 814 713 Comite
847 645 1135 730 Georgio
1169 647 1615 732 principaliter
1649 645 2006 733 obligando
2042 644 2110 714 in
2142 647 2327 716 libris
2363 655 2428 716 et
2461 669 2580 735 pro

350 754 535 821 libris
586 752 871 836 quinque
944 753 1233 820 millibus
1286 756 1702 822 denariorum
1762 755 2152 823 Venetorum
2204 776 2587 843 parvorum3

351 861 649 929 dominus
683 862 1013 930 Lubacius
1045 860 1279 947 JudeX,
1314 863 1496 931 Civis
1532 864 2032 949 Scardonensis,
2071 865 2412 950 syndicus,
2448 886 2591 952 pro-

353 977 615 1039 curator
665 975 730 1035 et
779 978 964 1037 actor
1014 971 1423 1039 dominorum
1475 970 1722 1039 Pribim
1783 975 2064 1056 Bosani,
2120 979 2184 1038 et
2233 973 2590 1040 Bererislai

349 1079 657 1168 Judicum
694 1078 965 1147 Consilii
999 1086 1063 1145 et
1097 1080 1471 1147 Communis
1505 1080 1811 1149 Civitatis
1863 1082 2339 1150 Scardonensis
2373 1081 2459 1148 ad
2492 1082 2587 1147 in-

351 1186 708 1271 frascripta
742 1187 1122 1271 specialiter
1141 1189 1547 1273 constitutae,
1583 1196 1652 1253 ut
1685 1191 2051 1256 continetur
2072 1189 2138 1253 in
2161 1189 2588 1257 instrumento

350 1296 504 1362 dicti
559 1296 947 1383 syndicatus
999 1296 1172 1364 facto
1207 1314 1382 1365 anno
1417 1295 1765 1364 Dominice
1796 1298 2186 1366 Nativitatis
2236 1298 2584 1364 millesimo

352 1403 805 1471 ducentesimo
838 1403 1269 1489 nonagesimo
1304 1413 1554 1493 quarto,
1593 1405 1973 1473 Indiccione
2008 1409 2169 1485 V11.,
2207 1407 2312 1473 die
2335 1406 2580 1474 XXIX.

354 1508 621 1598 Macriiss
659 1520 724 1578 et
755 1513 911 1595 quia
942 1512 1215 1580 Notario
1251 1516 1583 1596 carebant,
1633 1521 1776 1579 erat
1806 1502 2052 1581 'dictum
2090 1515 2582 1582 instrumentum

350 1622 732 1708 syndicatus
766 1642 912 1689 cum
947 1621 1228 1703 quodam
1282 1622 1505 1709 sigillo
1540 1623 1695 1691 dicti
1736 1624 2115 1691 Communis
2168 1622 2581 1693 Scardonen·

350 1733 438 1796 sis
472 1749 660 1799 cereo
695 1730 1008 1815 pendenti
1039 1730 1418 1798 roboratum
1441 1781 1458 1814 ‚
1492 1731 1661 1814 quod
1696 1731 1961 1815 quidem
1994 1732 2286 1816 sigillum
2320 1739 2459 1798 erat
2488 1752 2586 1799 ro-

352 1836 644 1919 tundum,
680 1839 1021 1922 integrum,
1057 1856 1185 1903 non
1209 1838 1488 1907 fractum
1522 1839 1625 1904 vel
1659 1839 1727 1903 in
1762 1840 1860 1905 sui
1903 1848 2090 1924 parte
2124 1842 2347 1924 aliqua
2384 1840 2581 1907 vicia·

348 1951 521 2030 tum,
556 1947 621 2012 in
679 1966 804 2028 quo
839 1945 1098 2029 quidem
1131 1946 1349 2030 sigillo
1385 1955 1527 2015 erat
1577 1949 1827 2033 scripta
1879 1948 2096 2033 imago
2141 1952 2343 2013 Beate
2378 1948 2581 2014 Marie

353 2057 643 2142 Virginis
679 2053 1007 2137 sedentis,
1068 2061 1131 2119 et
1165 2055 1251 2120 ad
1286 2056 1621 2123 sinistrum
1653 2058 1827 2123 latus
1879 2057 2026 2141 ejus
2062 2056 2342 2123 tenentis
2374 2056 2580 2124 filium

345 2184 526 2231 suum
559 2164 627 2228 in
661 2163 911 2249 gremio
931 2170 995 2227 et
1015 2163 1309 2248 brachie,
1330 2171 1396 2230 et
1416 2164 1630 2230 littere
1654 2163 2074 2232 circumcirca
2097 2165 2185 2232 ad
2209 2164 2448 2232 dictum
2483 2163 2538 2231 si
2548 2200 2570 2211 ·

348 2274 578 2355 gillum
610 2273 867 2357 sculpte
900 2270 996 2340 sic
1028 2272 1318 2341 dicentes
1352 2296 1368 2338 z
1412 2273 1514 2355 „S.
1551 2273 1922 2340 Communis
1957 2270 2505 2351 Scardonensis“,
2538 2295 2580 2340 a

348 2401 452 2448 me
487 2382 771 2449 Antonio
805 2380 1041 2471 Judice
1094 2392 1158 2447 et
1194 2380 1465 2460 Notario
1499 2381 1923 2466 infrascripto
1976 2383 2122 2450 viso
2159 2391 2222 2447 et
2255 2380 2426 2450 lecto
2459 2401 2582 2447 no-

347 2493 523 2558 mine
556 2497 622 2556 et
654 2491 799 2559 vice
830 2488 1155 2556 dictorum
1186 2490 1486 2557 Judicum
1510 2541 1528 2575 ‚
1579 2490 1856 2558 Consilii
1892 2497 1958 2555 et
1991 2487 2361 2556 Communis
2397 2490 2580 2557 Scar-

349 2603 698 2683 donensis‚
734 2609 798 2668 et
830 2619 947 2685 pro
981 2601 1147 2685 ipsis
1198 2601 1500 2666 omnibus
1546 2597 1966 2686 fidejubendo
2022 2613 2085 2667 et
2127 2620 2201 2668 se
2235 2619 2349 2686 pro
2406 2597 2582 2667 dicto

348 2712 600 2779 Comite
635 2710 936 2792 Georgio,
972 2717 1042 2774 ut
1075 2729 1276 2794 supra
1311 2710 1548 2776 dictum
1585 2720 1706 2794 est,
1732 2710 2182 2794 principaliter
2225 2707 2583 2793 obligando

350 2821 415 2886 in
445 2820 630 2888 libris
659 2826 723 2885 et
753 2838 870 2902 pro
902 2817 1088 2884 libris
1124 2817 1305 2884 mille
1340 2816 1715 2902 quingentis
1739 2816 2157 2883 denariorum
2190 2819 2581 2884 Venetorum

349 2948 702 3014 parvorum
737 2952 752 2994 :
788 2926 1124 3011 Solempni
1176 2924 1610 3011 stipulacione
1643 2926 2101 3012 promiserunt,
2156 2924 2430 3008 quilibet
2480 2945 2585 2993 eo-

349 3057 490 3104 rum
520 3055 597 3103 se
646 3034 1041 3120 obligand0‚
1095 3042 1162 3100 ut
1195 3033 1436 3102 dictum
1471 3041 1609 3117 est,
1666 3055 1736 3098 se
1770 3035 2058 3103 facturos
2108 3039 2176 3101 et
2227 3040 2585 3119 curaturos,

349 3147 525 3216 omni
557 3135 953 3231 excepcione
1005 3150 1070 3208 et
1103 3144 1447 3212 occasione
1482 3144 1746 3211 remotis
1770 3194 1787 3229 ,
1841 3145 2015 3227 quod
2049 3145 2257 3212 dictus
2289 3142 2584 3209 dominus

348 3256 677 3340 Georgius
710 3254 943 3322 Comes
965 3251 1413 3321 Berberiensis
1446 3263 1582 3320 tam
1614 3274 1732 3320 suo
1765 3254 2045 3335 nomine,
2081 3262 2145 3320 et
2177 3271 2437 3321 suorum
2469 3249 2580 3317 ho-

348 3367 591 3433 minum
616 3413 632 3446 ‚
692 3383 887 3446 quam
919 3359 1247 3429 hominum
1297 3367 1363 3428 et
1396 3362 1768 3429 Communis
1799 3362 2057 3430 Almisii
2101 3363 2288 3430 firma
2319 3369 2383 3428 et
2437 3367 2585 3430 rata

347 3474 621 3541 habebit
654 3485 716 3541 et
750 3474 1018 3554 tenebit,
1058 3472 1435 3542 observabit
1468 3473 1939 3557 etadimplebit
1970 3473 2190 3541 omnia
2224 3477 2289 3537 et
2320 3471 2582 3558 singula

347 3593 549 3671 pacta
580 3589 647 3648 et
679 3581 1151 3648 convenciones
1174 3630 1193 3666 ‚
1227 3582 1444 3662 facta,
1500 3580 1663 3646 inita
1695 3588 1763 3647 et
1793 3565 2050 3649 firmata
2091 3579 2175 3648 de
2209 3589 2486 3666 treugua
2516 3589 2581 3647 et

345 3712 551 3778 super·
576 3702 852 3776 treugua
882 3691 1145 3757 Almisii
1180 3710 1297 3775 per
1344 3690 1557 3777 ipsum
1596 3688 1914 3758 Comitem
1954 3690 2328 3773 Georgium,
2364 3697 2435 3756 ut
2469 3709 2582 3756 su-

347 3820 468 3887 pra
504 3800 749 3867 dictum
781 3806 920 3885 est,
974 3818 1118 3864 cum
1160 3799 1447 3882 Egregio
1500 3800 1642 3866 viro
1697 3798 1981 3885 Rogerio
2035 3799 2427 3867 Maureceno
2460 3799 2583 3866 Ja-

347 3911 571 3978 drensi
592 3909 842 3984 Comite
875 3909 1222 3993 recipienti
1255 3914 1321 3973 et
1352 3906 1696 3992 stipulanti
1735 3907 1877 3972 vice
1914 3914 1980 3973 et
2010 3907 2270 3973 nomine
2301 3907 2579 3974 Illustris

347 4019 597 4089 domini
628 4018 829 4116 Ducis
868 4016 1300 4083 veneciarum
1325 4067 1341 4098 ,
1397 4016 1767 4083 Communis
1806 4023 1871 4083 et
1909 4016 2240 4082 hominum
2274 4014 2581 4084 Civitatis

349 4125 645 4214 ejusdem
668 4176 688 4206 ,
720 4145 842 4194 nec
875 4145 1005 4191 non
1043 4132 1109 4192 et
1139 4125 1616 4211 habitatorum,
1651 4124 1947 4192 fidelium
1968 4176 1986 4210 ‚
2038 4124 2479 4211 subjectorum
2514 4133 2582 4192 et

348 4235 848 4304 districtualium
898 4253 1155 4301 suorum
1204 4237 1495 4318 scriptas
1529 4241 1592 4299 et
1642 4234 1890 4319 scripta
1923 4253 2040 4319 per
2073 4252 2178 4300 me
2224 4233 2582 4301 Antonium

350 4344 685 4430 quondam
707 4344 1114 4425 Rolanduzii‚
1152 4343 1486 4428 Imperiali
1510 4351 1574 4409 et
1605 4343 2003 4429 prefectoria
2038 4342 2437 4410 auctoritate
2468 4341 2578 4409 Ju-

347 4454 563 4520 dicem
599 4461 660 4517 et
708 4453 1052 4519 Notarium
1074 4501 1094 4531 ,
1144 4472 1318 4519 anno
1353 4459 1418 4519 et
1465 4449 1827 4517 indiccione
1858 4450 2189 4537 predictis,
2224 4452 2330 4518 die
2360 4451 2580 4518 Domi-

350 4563 498 4632 nico
531 4560 841 4629 XXVIII.
891 4562 1142 4643 Marcii,
1179 4569 1243 4628 et
1294 4559 1542 4628 eisdem
1593 4559 1891 4645 syndicis
1945 4568 2010 4627 et
2055 4560 2584 4646 procuratoribus

351 4671 604 4741 seriose
651 4672 1069 4757 singulariter
1119 4678 1184 4737 et
1212 4668 1716 4754 intelligibiliter
1763 4689 1976 4737 coram
2025 4668 2459 4755 infrascriptis
2489 4675 2579 4736 te-

353 4781 559 4849 stibus
591 4801 709 4866 per
741 4799 844 4845 me
865 4779 1012 4865 jam
1070 4777 1313 4844 dictum
1343 4777 1679 4844 Notarium
1735 4780 1909 4844 lecta
1941 4783 2005 4843 et
2057 4778 2287 4844 lectas.
2335 4777 2418 4842 Et
2452 4798 2580 4845 non

2171 4880 2261 4950 8*
