3416 5313
1853 462 1942 530 60

1835 1094 1950 1160 38.

786 1311 915 1376 III.
967 1308 1182 1374 Endrc
1229 1307 1440 1394 kirdly
1477 1333 1518 1371 a
1554 1309 2021 1393 pannonhalmi
2070 1311 2474 1396 apdtsdynalc
2531 1311 2667 1399 po
2719 1315 2780 1376 ἐς
2813 1311 3023 1380 Szent·

1196 1416 1430 1482 Miklds
1476 1416 1857 1504 helyse'yeket
1887 1417 2368 1503 adovndnyozza.
2413 1420 2609 1487 1292.

996 1637 1073 1701 In
1105 1634 1363 1701 nomine
1394 1636 1635 1702 Sancte
1687 1634 2032 1702 Trinitatis
2068 1644 2132 1702 et
2163 1635 2511 1703 Indiuidue
2546 1636 2848 1704 Vnitatis.
2884 1642 3020 1707 An-

785 1744 975 1811 dreas
1008 1743 1135 1811 Dei
1169 1743 1400 1828 gracia
1441 1743 1782 1830 Hungarie
1805 1794 1820 1824 ,
1856 1745 2221 1830 Dalmacie,
2265 1746 2539 1814 Croacie
2558 1798 2578 1831 ,
2615 1746 2838 1829 Rame,
2875 1750 3024 1816 Ser·

786 1853 909 1934 uie,
946 1851 1245 1933 Gallicie,
1305 1852 1712 1936 Lodomerie‚
1748 1852 2082 1930 Comanie,
2115 1853 2557 1938 Bulgarieque
2590 1856 2730 1920 Rex
2768 1857 3023 1925 vniuer—

788 1963 880 2028 sis
914 1959 1159 2029 Christi
1192 1959 1490 2027 fidelibus
1526 1963 1938 2047 presentibus
1971 1961 2218 2048 pariter
2241 1970 2307 2027 et
2340 1963 2578 2028 futuris
2602 1963 3022 2049 presencium

787 2071 1094 2137 noticiam
1142 2070 1465 2136 habituris
1517 2073 1791 2137 salutem
1851 2072 1916 2135 in
1970 2089 2046 2135 eo
2081 2072 2189 2155 qui
2233 2070 2521 2154 Regibus
2555 2070 2670 2136 dat
2718 2074 3021 2140 salutem.

784 2178 971 2245 Licet
1002 2183 1301 2246 creatura
1351 2199 1481 2245 non
1514 2178 1765 2245 haheat
1796 2180 1952 2262 quid
1985 2179 2264 2246 creatori
2321 2200 2399 2244 ac
2433 2183 2795 2263 reparatori
2847 2181 3020 2247 eius·

787 2304 914 2369 que
944 2287 1438 2371 gloriosissimis
1474 2289 1744 2372 sanctis,
1785 2309 2056 2373 quorum
2090 2287 2422 2374 suffragiis
2476 2295 2734 2357 creator
2768 2297 3023 2356 creatu·
3097 2296 3102 2299 ’

784 2395 873 2462 ris
910 2394 1179 2480 largitur
1213 2395 1558 2478 uniuersa,
1608 2396 1989 2484 impendere
2043 2397 2274 2465 valeat
2305 2417 2390 2482 ex
2443 2396 2788 2481 condigno,
2828 2396 3030 2466 debet

787 2510 1004 2570 tamen
1056 2509 1197 2570 tota
1244 2501 1605 2572 deuocione
1659 2504 1861 2581 animi
1891 2511 2157 2588 totaque
2190 2505 2475 2588 puritate
2509 2504 2787 2574 affectus
2841 2505 3028 2572 labo-

734 2669 743 2674 s
789 2630 957 2698 rare,
989 2619 1059 2679 vt
1090 2618 1457 2679 eternorum
1491 2612 1727 2679 intuitu
1762 2612 1829 2679 in
1865 2615 2057 2681 terris
2084 2613 2382 2698 seminet,
2406 2614 2582 2696 quod
2614 2616 2680 2680 in
2719 2611 2826 2681 die
2857 2634 3028 2682 mes-

786 2720 990 2788 sionis
1025 2726 1312 2788 extreme
1351 2720 1744 2805 recolligens
1779 2741 1921 2787 cum
1976 2721 2409 2809 multiplicato
2444 2722 2750 2789 fructu-in
2788 2723 3021 2790 celesti

788 2849 977 2897 orreo
1028 2831 1368 2916 possidere
1418 2832 1639 2898 valeat
1681 2838 1747 2899 et
1806 2829 2074 2898 habere.
2108 2830 2392 2899 Proinde
2430 2831 2518 2897 ad
2573 2831 3020 2898 uniuersorum

789 2940 1101 3005 noticiam
1120 2940 1346 3005 harum
1369 2940 1538 3007 serie
1560 2941 1858 3007 volumus
1889 2940 2256 3025 peruenire,
2279 2938 2449 3022 quod
2482 2959 2626 3020 cum
2649 2939 3026 3006 Ecclesiam

791 3068 907 3116 seu
940 3049 1397 3117 Monasterium
1449 3051 1641 3116 Beati
1691 3048 1958 3114 Martini
2016 3048 2096 3114 dc
2149 3050 2353 3116 Sacro
2403 3052 2625 3116 Monte
2664 3047 3027 3132 Pannonis,

792 3157 976 3224 cuius
1007 3156 1586 3226 intercessionibus
1621 3158 2087 3223 nobis-cuncta
2121 3175 2435 3243 prospere
2487 3157 2833 3241 suffragari
2878 3177 3025 3224 sen-

791 3267 1009 3351 timus,
1040 3265 1316 3334 velimus
1336 3266 1565 3333 merito
1587 3266 1823 3351 Regali
1855 3266 2101 3344 fauore,
2133 3266 2363 3351 gracia
2397 3270 2462 3331 et
2492 3261 2860 3333 donacione
2891 3286 3027 3333 am-

792 3375 1066 3461 plexari,
1091 3378 1178 3443 ob
1213 3375 1565 3442 remedium
1602 3376 1819 3442 anime
1852 3381 2072 3442 nostre
2106 3381 2171 3439 et
2205 3394 2392 3459 spem
2424 3375 2637 3441 future
2669 3373 3025 3458 felicitatis,

797 3485 1112 3569 quasdam
1147 3485 1313 3552 duas
1347 3483 1806 3568 possessiones
1836 3484 1903 3550 in
1933 3483 2182 3552 vicinia
2213 3483 2420 3569 ipsius
2442 3483 2848 3569 Monasterii,
2881 3485 3026 3569 Tap

797 3600 861 3660 et
895 3593 1058 3658 Zent
1077 3592 1319 3659 Miklus
1341 3599 1611 3660 vocatas
1643 3592 1929 3678 habitas,
1951 3611 2092 3657 cum
2124 3591 2494 3660 vduornicis
2533 3592 2769 3658 nostris
2803 3592 2871 3658 in
2903 3592 3028 3658 eis-

668 3774 673 3780 ,
790 3700 938 3767 dem
971 3699 1423 3786 residentibus,
1458 3700 1641 3767 Boda
1673 3700 1985 3768 videlicet
2019 3711 2079 3768 et
2111 3701 2350 3786 Zobou,
2385 3700 2785 3783 Chi-achim,
2819 3699 3024 3768 Geor·

792 3810 920 3893 gin,
955 3811 1348 3878 Sebastiano
1372 3859 1388 3891 ,
1440 3808 1778 3895 Ladizlao‚
1811 3810 2179 3885 Dominico‚
2225 3812 2610 3895 ScemeynO,
2646 3809 2927 3878 Matthia
2959 3815 3026 3878 et

792 3922 1008 4004 Petro,
1043 3939 1185 3986 cum
1220 3922 1351 3986 suis
1371 3912 1718 3985 heredibus
1751 3919 2195 4002 heredumque
2219 3939 2479 3987 suorum
2507 3918 3025 3999 successorihus,

795 4047 954 4110 quos
987 4030 1243 4114 quidem
1266 4026 1654 4095 vduornicos
1687 4026 1986 4095 dominus
2018 4030 2157 4094 Rex
2188 4029 2354 4095 Bela
2385 4045 2553 4092 auus
2587 4034 2812 4092 noster
2846 4026 3028 4091 clare

799 4137 1106 4204 memorie
1138 4136 1219 4204 de
1241 4135 1685 4202 castrensibus
1710 4137 1912 4203 castri
1932 4136 2467 4223 wesprimiensis
2487 4135 2552 4199 in
2578 4134 3023 4201 condicionem

796 4245 1290 4312 vduornicorum
1324 4245 1769 4329 transtulerat,
1803 4245 1869 4310 in
1905 4243 2134 4311 eadem
2189 4244 2595 4327 condicione,
2632 4262 2763 4327 qua
2795 4242 3026 4326 prede-

799 4352 1171 4422 cessoribus
1204 4355 1444 4420 nostris
1495 4354 1884 4438 seruierunt,
1922 4352 2237 4436 dedimus,
2274 4353 2658 4420 donauimus
2700 4358 2764 4417 et
2804 4357 3024 4419 contu-

796 4465 990 4530 limus
1023 4464 1150 4550 ipsi
1182 4463 1577 4530 Monasterio
1612 4462 1803 4529 Beati
1833 4460 2093 4530 Martini
2121 4464 2243 4530 sub
2279 4460 2529 4529 eisdem
2565 4461 2772 4546 m‘etis,
2806 4460 3020 4526 termi-

796 4573 900 4640 nis
930 4578 997 4638 et
1027 4570 1361 4657 limitibus,
1392 4572 1628 4658 quihus
1662 4579 1950 4658 tempore
1982 4572 2192 4658 ipsius
2224 4568 2424 4658 Regis
2470 4571 2626 4638 Bele
2657 4590 2773 4656 per
2815 4569 3025 4653 predi·

798 4691 937 4749 ctos
982 4680 1371 4749 uduornicos
1424 4686 1490 4746 et
1538 4681 1707 4749 alios
1741 4682 2019 4769 populos
2050 4678 2404 4747 earundem
2443 4678 2698 4762 habite,
2750 4677 3024 4743 limitate

796 4785 1067 4859 fuerant
1091 4796 1159 4858 et
1209 4808 1536 4875 possesse,
1591 4809 1733 4857 cum
1784 4790 2082 4859 omnihus
2115 4791 2508 4858 vtilitatihus
2562 4787 2699 4856 suis
2733 4793 2798 4853 et
2833 4785 3025 4872 perti·
