3416 5313
1403 417 1526 487 177

346 621 655 704 dedisset,
689 621 982 706 legasset
1014 625 1078 685 et
1113 619 1496 689 contulisset
1513 623 1829 704 perpetuo
1863 615 2333 701 possidendam
2366 621 2428 681 et
2459 614 2574 680 ha-

343 729 651 798 bendam.
684 731 925 798 Datum
976 728 1042 795 in
1074 727 1245 797 festo
1293 727 1483 796 Beati
1533 728 1832 798 Ladislai
1883 726 2083 813 Regis
2115 742 2286 795 anno
2316 721 2580 790 Domini

342 842 432 907 M.
471 839 597 907 CO.
629 836 1055 924 nonagesimo
1097 837 1393 922 septimo.

729 1052 1020 1123 (Eredetie
1049 1071 1084 1109 a
1108 1050 1425 1125 veszpremi
1450 1049 1731 1126 kaptalan
1756 1047 2197 1116 leveltaraban.)

1202 1358 1730 1374 -ᾱ-ι-*ᾡ-Φ-Ο-Ο

1405 1944 1536 2009 m.

351 2143 533 2206 Miko'
561 2143 756 2206 Detre
770 2142 874 2226 fia
923 2143 984 2205 e's
1030 2142 1233 2206 Jdnos
1279 2140 1477 2226 Byter
1490 2141 1592 2225 fia
1623 2142 1857 2224 nemely
1889 2139 2119 2204 bio-teki
2132 2139 2364 2224 joqaik
2394 2139 2585 2219 ircim,

628 2268 670 2310 a
701 2250 874 2312 vdezi
904 2249 1216 2334 kdptaloin
1249 2249 1392 2314 εῖδει
1423 2251 1825 2314 viszoncsere't
1856 2248 2096 2312 ko‘tnelc.
2134 2249 2327 2311 1297.

565 2461 1001 2550 (C)apitulum
1036 2465 1332 2534 Ecclesie
1363 2467 1732 2533 Waciensis
1782 2468 2079 2535 omnibus
2115 2465 2350 2534 Christi
2384 2463 2590 2533 fideli-

355 2575 474 2640 bus
507 2573 744 2654 quibus
778 2579 1118 2659 presentes
1152 2575 1583 2642 ostenduntur
1616 2575 1895 2642 salutem
1929 2579 1990 2640 in
2028 2577 2319 2642 omnium
2371 2573 2587 2642 salua-

233 2699 236 2704 ·
350 2691 516 2749 tore.
565 2683 669 2748 Ad
700 2683 1144 2753 vniuersorum
1199 2685 1509 2751 noticiam
1552 2692 1779 2753 tenore
1832 2687 2238 2770 presencium
2288 2686 2588 2753 volumus

350 2792 695 2876 peruenire
718 2842 736 2876 ‚
791 2792 959 2874 quod
1011 2792 1244 2860 Comes
1279 2793 1502 2861 Mikou
1556 2793 1727 2861 filius
1759 2795 2006 2862 Detrici
2065 2794 2149 2858 ab
2194 2813 2324 2860 una
2375 2798 2587 2876 parte,

349 2898 691 2967 Johannes
721 2897 895 2965 filius
930 2898 1201 2967 Comitis
1232 2899 1435 2984 Byter
1469 2907 1535 2966 et
1566 2902 1931 2966 Hermanus
1961 2901 2260 2967 seruiens
2295 2898 2591 2965 eiusdem

349 3004 620 3072 Comitis
653 3007 857 3090 Byter
890 3025 1032 3072 eum
1067 3006 1304 3072 litteris
1338 3005 1579 3071 nostris
1611 3007 2084 3091 procuratorijs
2113 3024 2314 3088 super
2343 3001 2591 3071 ratiha-

352 3113 613 3181 bicione
647 3113 966 3181 confectis
998 3134 1115 3201 pro
1151 3114 1384 3182 eodem
1418 3115 1670 3183 Gemite
1702 3117 1905 3203 Byter
1958 3134 2039 3179 ex
2071 3116 2322 3196 altera,
2370 3133 2591 3178 coram

353 3222 547 3290 nobis
583 3223 1014 3306 personaliter
1050 3225 1382 3291 constituti
1415 3224 1701 3294 confessi
1735 3231 1887 3291 sunt
1918 3226 2070 3290 uiua
2101 3242 2288 3307 uoce,
2325 3220 2493 3303 quod
2526 3221 2592 3288 in

352 3334 748 3420 quibusdam
797 3334 1325 3422 possessionibus
1361 3335 1687 3419 ipsorum,
1742 3335 1991 3402 scilicet
2042 3332 2372 3400 Olcharzk
2408 3348 2591 3396 exce-

352 3450 473 3528 pta
508 3462 550 3508 a
580 3442 948 3528 Hyrichou,
1001 3442 1280 3526 predicti
1314 3442 1585 3510 Comitis
1620 3446 1844 3511 Mikou
1898 3443 2206 3531 empticia
2255 3440 2592 3515 videlicet,

351 3555 421 3617 et
452 3550 796 3616 Galabueh
817 3553 1158 3616 memorati
1180 3549 1452 3617 Comitis
1475 3552 1676 3637 Byter
1710 3553 2014 3635 aquisita,
2037 3552 2196 3636 ipsis
2220 3550 2456 3616 litteris
2476 3566 2596 3615 seu

349 3659 739 3745 priuilegijs,
763 3679 1019 3727 necnon
1041 3661 1482 3726 instrumentis
1506 3659 1939 3728 circumdatas
1961 3668 2025 3727 et
2058 3660 2373 3726 limitatas
2397 3652 2593 3742 (igy),

351 3767 593 3849 quibus
626 3776 850 3853 partes
883 3788 1089 3851 usque
1124 3770 1316 3837 modo
1364 3772 1833 3853 possederunt,
1890 3769 2337 3834 concambium
2368 3767 2594 3834 huius-

357 3874 533 3944 modi
567 3876 707 3944 fieri
764 3877 1185 3944 ordinassent
1236 3878 1403 3943 inter
1436 3879 1617 3963 ipsos
1639 3929 1658 3963 ‚
1710 3878 1881 3961 quod
1932 3883 2326 3943 memoratus
2360 3877 2594 3945 Comes

351 3985 600 4069 Mykou
633 3985 994 4070 predictam
1026 3987 1517 4073 possessionem
1540 3986 1868 4053 Olcharzk
1902 3991 2208 4052 uocatam
2231 4005 2373 4051 cum
2396 3987 2597 4052 omni-

357 4093 476 4158 bus
517 4093 911 4160 utilitatibus
945 4102 1010 4160 et
1038 4095 1470 4179 pertinencijs
1521 4094 1659 4160 suis
1698 4092 1883 4179 (sub)
1918 4094 2083 4179 ipsis
2115 4093 2324 4169 metis,
2357 4093 2592 4176 quibus

353 4201 499 4284 ipse
532 4208 800 4269 actenus
833 4203 1174 4288 possedit,
1223 4204 1519 4271 dedisset
1552 4211 1617 4272 et
1667 4204 2050 4271 contulisset
2083 4211 2442 4272 memorato
2476 4203 2596 4271 Co-

353 4311 490 4377 miti
522 4312 757 4396 Byter‚
793 4318 857 4378 et
888 4310 1041 4397 filijs
1075 4313 1210 4380 suis
1233 4366 1249 4399 ‚
1306 4334 1384 4378 ac
1420 4314 1742 4383 vniuersis
1775 4313 2128 4382 heredibus
2170 4317 2476 4399 ipsorum,
2523 4313 2591 4378 in

355 4418 808 4488 concambium
858 4421 1153 4505 predicte
1203 4431 1377 4487 terre
1409 4420 1761 4489 Galabuch
1803 4423 1944 4489 iure
1978 4427 2293 4507 perpetuo
2349 4428 2413 4489 et
2443 4422 2596 4487 irre-
2696 4472 2704 4482 ,

354 4529 745 4596 uocabiliter
775 4529 1249 4613 possidendam
1271 4581 1289 4614 ‚
1340 4530 1693 4597 tenendam
1731 4537 1794 4596 et
1825 4531 2236 4612 habendam3
2288 4536 2350 4594 et
2384 4550 2419 4596 e
2451 4550 2594 4594 con·

355 4659 544 4705 uerso
581 4638 753 4703 idem
781 4637 1016 4707 Comes
1038 4637 1241 4727 Byter
1275 4647 1339 4706 et
1370 4640 1486 4724 filij
1524 4642 1622 4705 sui
1646 4648 2073 4706 memoratam
2113 4640 2595 4723 possessionem

357 4748 650 4831 ipsorum
703 4745 1047 4815 Galabuch
1099 4754 1442 4830 uocatam,
1498 4746 1802 4815 similiter
1854 4748 2085 4816 eodem
2138 4748 2364 4833 modo,
2405 4753 2596 4833 prout
2706 4812 2709 4815 ,

463 4890 664 4933 nouum.
684 4892 845 4933 nune.
864 4891 1000 4932 msr.
1022 4891 1158 4933 nm..
1180 4911 1234 4921 —
1250 4889 1316 4930 10.
2214 4874 2294 4939 12
