<?xml version="1.0" encoding="UTF-8"?>
<!DOCTYPE html PUBLIC "-//W3C//DTD XHTML 1.0 Transitional//EN"
    "http://www.w3.org/TR/xhtml1/DTD/xhtml1-transitional.dtd">
<html xmlns="http://www.w3.org/1999/xhtml" xml:lang="en" lang="en">
 <head>
  <title>
</title>
<meta http-equiv="Content-Type" content="text/html;charset=utf-8" />
  <meta name='ocr-system' content='tesseract 3.04.00' />
  <meta name='ocr-capabilities' content='ocr_page ocr_carea ocr_par ocr_line ocrx_word'/>
</head>
<body>
  <div class='ocr_page' id='page_1' title='image "./rpdkorijokmnytr01wenzgoog_0171.png"; bbox 0 0 3416 5313; ppageno 0'>
   <div class='ocr_carea' id='block_1_1' title="bbox 1408 346 1536 415">
    <p class='ocr_par' dir='ltr' id='par_1_1' title="bbox 1408 346 1536 415">
     <span class='ocr_line' id='line_1_1' title="bbox 1408 346 1536 415; baseline 0 -1"><span class='ocrx_word' id='word_1_1' title='bbox 1408 346 1536 415; x_wconf 84' lang='lat'><strong>139</strong></span> 
     </span>
    </p>
   </div>
   <div class='ocr_carea' id='block_1_2' title="bbox 1300 447 1625 460">
    <p class='ocr_par' dir='ltr' id='par_1_2' title="bbox 1300 447 1625 460">
     <span class='ocr_line' id='line_1_2' title="bbox 1300 447 1625 460; baseline 0 4853"><span class='ocrx_word' id='word_1_2' title='bbox 1300 447 1625 460; x_wconf 95' lang='lat' dir='ltr'><strong> </strong></span> 
     </span>
    </p>
   </div>
   <div class='ocr_carea' id='block_1_3' title="bbox 1422 977 1530 1043">
    <p class='ocr_par' dir='ltr' id='par_1_3' title="bbox 1422 977 1530 1043">
     <span class='ocr_line' id='line_1_3' title="bbox 1422 977 1530 1043; baseline 0 -1"><span class='ocrx_word' id='word_1_3' title='bbox 1422 977 1530 1043; x_wconf 76' lang='grc'><strong>87.</strong></span> 
     </span>
    </p>
   </div>
   <div class='ocr_carea' id='block_1_4' title="bbox 361 1171 2591 1370">
    <p class='ocr_par' dir='ltr' id='par_1_4' title="bbox 361 1171 2591 1370">
     <span class='ocr_line' id='line_1_4' title="bbox 361 1171 2591 1262; baseline 0.002 -26"><span class='ocrx_word' id='word_1_4' title='bbox 361 1171 422 1236; x_wconf 87' lang='lat' dir='ltr'><strong><em>A</em></strong></span> <span class='ocrx_word' id='word_1_5' title='bbox 454 1171 701 1258; x_wconf 74' lang='lat' dir='ltr'><strong>tihanyi</strong></span> <span class='ocrx_word' id='word_1_6' title='bbox 728 1174 995 1238; x_wconf 72' lang='lat' dir='ltr'><strong>konvent</strong></span> <span class='ocrx_word' id='word_1_7' title='bbox 1014 1173 1558 1259; x_wconf 76' lang='lat' dir='ltr'><strong>bizonysdqlevele,</strong></span> <span class='ocrx_word' id='word_1_8' title='bbox 1582 1173 1743 1262; x_wconf 74' lang='lat' dir='ltr'><strong>hoqy</strong></span> <span class='ocrx_word' id='word_1_9' title='bbox 1765 1173 2016 1258; x_wconf 69' lang='lat' dir='ltr'><strong>Miklds,</strong></span> <span class='ocrx_word' id='word_1_10' title='bbox 2037 1174 2387 1262; x_wconf 81' lang='lat' dir='ltr'><strong>Zabowfia,</strong></span> <span class='ocrx_word' id='word_1_11' title='bbox 2421 1175 2591 1240; x_wconf 66' lang='lat' dir='ltr'><strong>Vest-</strong></span> 
     </span>
     <span class='ocr_line' id='line_1_5' title="bbox 439 1280 2503 1370; baseline 0.001 -22"><span class='ocrx_word' id='word_1_12' title='bbox 439 1280 731 1369; x_wconf 79' lang='lat' dir='ltr'><strong>pre&#39;mben</strong></span> <span class='ocrx_word' id='word_1_13' title='bbox 762 1282 898 1346; x_wconf 63' lang='lat' dir='ltr'><strong>lei-06</strong></span> <span class='ocrx_word' id='word_1_14' title='bbox 916 1280 1092 1346; x_wconf 60' lang='lat' dir='ltr'><strong>telket</strong></span> <span class='ocrx_word' id='word_1_15' title='bbox 1124 1303 1166 1344; x_wconf 90' lang='lat' dir='ltr'><strong>a</strong></span> <span class='ocrx_word' id='word_1_16' title='bbox 1196 1281 1536 1366; x_wconf 71' lang='lat' dir='ltr'><strong>veszpre‘mi</strong></span> <span class='ocrx_word' id='word_1_17' title='bbox 1562 1281 2005 1370; x_wconf 70' lang='lat' dir='ltr'><strong>kdptalannak</strong></span> <span class='ocrx_word' id='word_1_18' title='bbox 2039 1284 2275 1351; x_wconf 78' lang='lat' dir='ltr'><strong>eladta.</strong></span> <span class='ocrx_word' id='word_1_19' title='bbox 2309 1284 2503 1351; x_wconf 84' lang='lat'><em>1295.</em></span> 
     </span>
    </p>
   </div>
   <div class='ocr_carea' id='block_1_5' title="bbox 356 1476 2603 3305">
    <p class='ocr_par' dir='ltr' id='par_1_5' title="bbox 356 1476 2603 3305">
     <span class='ocr_line' id='line_1_6' title="bbox 560 1476 2594 1551; baseline 0.002 -9"><span class='ocrx_word' id='word_1_20' title='bbox 560 1477 696 1546; x_wconf 92' lang='lat' dir='ltr'><strong>Nos</strong></span> <span class='ocrx_word' id='word_1_21' title='bbox 728 1476 934 1548; x_wconf 85' lang='lat' dir='ltr'><strong>frater</strong></span> <span class='ocrx_word' id='word_1_22' title='bbox 964 1478 1299 1547; x_wconf 86' lang='lat' dir='ltr'><strong>Renoldus</strong></span> <span class='ocrx_word' id='word_1_23' title='bbox 1332 1478 1576 1548; x_wconf 86' lang='lat' dir='ltr'><strong>Diuina</strong></span> <span class='ocrx_word' id='word_1_24' title='bbox 1607 1479 2036 1549; x_wconf 75' lang='lat' dir='ltr'><strong>miseracione</strong></span> <span class='ocrx_word' id='word_1_25' title='bbox 2067 1481 2298 1549; x_wconf 90' lang='lat' dir='ltr'><strong>Abbas</strong></span> <span class='ocrx_word' id='word_1_26' title='bbox 2329 1489 2395 1551; x_wconf 92' lang='lat' dir='ltr'><strong>et</strong></span> <span class='ocrx_word' id='word_1_27' title='bbox 2427 1479 2594 1548; x_wconf 80' lang='lat' dir='ltr'><strong>Gon-</strong></span> 
     </span>
     <span class='ocr_line' id='line_1_7' title="bbox 356 1583 2594 1675; baseline 0.002 -22"><span class='ocrx_word' id='word_1_28' title='bbox 356 1591 596 1654; x_wconf 87' lang='lat' dir='ltr'><strong>uentus</strong></span> <span class='ocrx_word' id='word_1_29' title='bbox 645 1586 1022 1654; x_wconf 84' lang='lat' dir='ltr'><strong>Monasterii</strong></span> <span class='ocrx_word' id='word_1_30' title='bbox 1071 1583 1261 1655; x_wconf 81' lang='lat' dir='ltr'><strong>Beati</strong></span> <span class='ocrx_word' id='word_1_31' title='bbox 1314 1583 1557 1652; x_wconf 86' lang='lat' dir='ltr'><strong>Aniani</strong></span> <span class='ocrx_word' id='word_1_32' title='bbox 1593 1586 1677 1653; x_wconf 89' lang='lat' dir='ltr'><strong>de</strong></span> <span class='ocrx_word' id='word_1_33' title='bbox 1711 1587 2000 1675; x_wconf 81' lang='lat' dir='ltr'><strong>Thykon</strong></span> <span class='ocrx_word' id='word_1_34' title='bbox 2032 1587 2265 1656; x_wconf 88' lang='lat' dir='ltr'><strong>damus</strong></span> <span class='ocrx_word' id='word_1_35' title='bbox 2313 1609 2430 1675; x_wconf 90' lang='lat' dir='ltr'><strong>pro</strong></span> <span class='ocrx_word' id='word_1_36' title='bbox 2462 1611 2594 1658; x_wconf 92' lang='lat' dir='ltr'><strong>me-</strong></span> 
     </span>
     <span class='ocr_line' id='line_1_8' title="bbox 361 1692 2596 1781; baseline 0.001 -20"><span class='ocrx_word' id='word_1_37' title='bbox 361 1694 591 1775; x_wconf 89' lang='lat' dir='ltr'><strong>moria,</strong></span> <span class='ocrx_word' id='word_1_38' title='bbox 615 1695 790 1779; x_wconf 89' lang='lat' dir='ltr'><strong>quod</strong></span> <span class='ocrx_word' id='word_1_39' title='bbox 808 1694 1127 1764; x_wconf 67' lang='lat' dir='ltr'><strong>Nic-,olaus</strong></span> <span class='ocrx_word' id='word_1_40' title='bbox 1159 1692 1332 1761; x_wconf 85' lang='lat' dir='ltr'><strong>filius</strong></span> <span class='ocrx_word' id='word_1_41' title='bbox 1366 1695 1613 1762; x_wconf 84' lang='lat' dir='ltr'><strong>Zabow</strong></span> <span class='ocrx_word' id='word_1_42' title='bbox 1643 1693 1727 1762; x_wconf 87' lang='lat' dir='ltr'><strong>de</strong></span> <span class='ocrx_word' id='word_1_43' title='bbox 1757 1695 2148 1781; x_wconf 87' lang='lat' dir='ltr'><strong>Vesprimio,</strong></span> <span class='ocrx_word' id='word_1_44' title='bbox 2174 1702 2437 1765; x_wconf 83' lang='lat' dir='ltr'><strong>astante</strong></span> <span class='ocrx_word' id='word_1_45' title='bbox 2468 1696 2596 1764; x_wconf 88' lang='lat' dir='ltr'><strong>sibi</strong></span> 
     </span>
     <span class='ocr_line' id='line_1_9' title="bbox 359 1803 2595 1889; baseline 0 -19"><span class='ocrx_word' id='word_1_46' title='bbox 359 1803 564 1870; x_wconf 84' lang='lat' dir='ltr'><strong>Paulo</strong></span> <span class='ocrx_word' id='word_1_47' title='bbox 595 1804 798 1872; x_wconf 79' lang='lat' dir='ltr'><strong>fratre</strong></span> <span class='ocrx_word' id='word_1_48' title='bbox 828 1823 967 1889; x_wconf 87' lang='lat' dir='ltr'><strong>suo,</strong></span> <span class='ocrx_word' id='word_1_49' title='bbox 1002 1808 1067 1872; x_wconf 86' lang='lat' dir='ltr'><strong>et</strong></span> <span class='ocrx_word' id='word_1_50' title='bbox 1118 1804 1483 1889; x_wconf 79' lang='lat' dir='ltr'><strong>subscripto</strong></span> <span class='ocrx_word' id='word_1_51' title='bbox 1515 1803 1891 1873; x_wconf 85' lang='lat' dir='ltr'><strong>uendioioni</strong></span> <span class='ocrx_word' id='word_1_52' title='bbox 1941 1824 2062 1872; x_wconf 90' lang='lat' dir='ltr'><strong>sue</strong></span> <span class='ocrx_word' id='word_1_53' title='bbox 2093 1826 2223 1873; x_wconf 94' lang='lat' dir='ltr'><strong>non</strong></span> <span class='ocrx_word' id='word_1_54' title='bbox 2273 1806 2595 1873; x_wconf 81' lang='lat' dir='ltr'><strong>contradi·</strong></span> 
     </span>
     <span class='ocr_line' id='line_1_10' title="bbox 358 1911 2598 1999; baseline 0.002 -22"><span class='ocrx_word' id='word_1_55' title='bbox 358 1918 565 1996; x_wconf 82' lang='lat' dir='ltr'><strong>cente,</strong></span> <span class='ocrx_word' id='word_1_56' title='bbox 599 1913 727 1980; x_wconf 93' lang='lat' dir='ltr'><strong>imo</strong></span> <span class='ocrx_word' id='word_1_57' title='bbox 750 1911 1026 1979; x_wconf 85' lang='lat' dir='ltr'><strong>eandem</strong></span> <span class='ocrx_word' id='word_1_58' title='bbox 1057 1913 1476 1999; x_wconf 88' lang='lat' dir='ltr'><strong>permittente</strong></span> <span class='ocrx_word' id='word_1_59' title='bbox 1512 1932 1657 1979; x_wconf 87' lang='lat' dir='ltr'><strong>cum</strong></span> <span class='ocrx_word' id='word_1_60' title='bbox 1689 1932 2009 1981; x_wconf 80' lang='lat' dir='ltr'><strong>consensu</strong></span> <span class='ocrx_word' id='word_1_61' title='bbox 2045 1915 2342 1999; x_wconf 87' lang='lat' dir='ltr'><strong>pleniori,</strong></span> <span class='ocrx_word' id='word_1_62' title='bbox 2379 1934 2598 1981; x_wconf 80' lang='lat' dir='ltr'><strong>coram</strong></span> 
     </span>
     <span class='ocr_line' id='line_1_11' title="bbox 360 2019 2600 2111; baseline 0.001 -24"><span class='ocrx_word' id='word_1_63' title='bbox 360 2022 547 2089; x_wconf 89' lang='lat' dir='ltr'><strong>nobis</strong></span> <span class='ocrx_word' id='word_1_64' title='bbox 600 2021 1033 2111; x_wconf 80' lang='lat' dir='ltr'><strong>personaliter</strong></span> <span class='ocrx_word' id='word_1_65' title='bbox 1096 2020 1486 2091; x_wconf 81' lang='lat' dir='ltr'><strong>constitutus</strong></span> <span class='ocrx_word' id='word_1_66' title='bbox 1540 2019 1806 2087; x_wconf 88' lang='lat' dir='ltr'><strong>fundum</strong></span> <span class='ocrx_word' id='word_1_67' title='bbox 1858 2041 2044 2088; x_wconf 88' lang='lat' dir='ltr'><strong>suum</strong></span> <span class='ocrx_word' id='word_1_68' title='bbox 2097 2042 2240 2090; x_wconf 86' lang='lat' dir='ltr'><strong>oum</strong></span> <span class='ocrx_word' id='word_1_69' title='bbox 2302 2023 2600 2090; x_wconf 89' lang='lat' dir='ltr'><strong>omnibus</strong></span> 
     </span>
     <span class='ocr_line' id='line_1_12' title="bbox 360 2128 2600 2217; baseline 0.001 -21"><span class='ocrx_word' id='word_1_70' title='bbox 360 2128 637 2196; x_wconf 79' lang='lat' dir='ltr'><strong>edificiis</strong></span> <span class='ocrx_word' id='word_1_71' title='bbox 668 2150 750 2198; x_wconf 86' lang='lat' dir='ltr'><strong>ao</strong></span> <span class='ocrx_word' id='word_1_72' title='bbox 783 2128 936 2196; x_wconf 84' lang='lat' dir='ltr'><strong>aliis</strong></span> <span class='ocrx_word' id='word_1_73' title='bbox 976 2129 1370 2197; x_wconf 70' lang='lat' dir='ltr'><strong>Vtilitatibus</strong></span> <span class='ocrx_word' id='word_1_74' title='bbox 1415 2130 1552 2198; x_wconf 90' lang='lat' dir='ltr'><strong>suis</strong></span> <span class='ocrx_word' id='word_1_75' title='bbox 1574 2182 1590 2212; x_wconf 90' lang='lat'><em>,</em></span> <span class='ocrx_word' id='word_1_76' title='bbox 1644 2131 1773 2198; x_wconf 88' lang='lat' dir='ltr'><strong>duo</strong></span> <span class='ocrx_word' id='word_1_77' title='bbox 1796 2132 2036 2217; x_wconf 82' lang='lat' dir='ltr'><strong>jugera</strong></span> <span class='ocrx_word' id='word_1_78' title='bbox 2077 2136 2399 2198; x_wconf 86' lang='lat' dir='ltr'><strong>terrarum</strong></span> <span class='ocrx_word' id='word_1_79' title='bbox 2429 2132 2494 2197; x_wconf 91' lang='lat' dir='ltr'><strong>in</strong></span> <span class='ocrx_word' id='word_1_80' title='bbox 2527 2152 2600 2198; x_wconf 90' lang='lat' dir='ltr'><strong>se</strong></span> 
     </span>
     <span class='ocr_line' id='line_1_13' title="bbox 361 2237 2600 2326; baseline 0 -19"><span class='ocrx_word' id='word_1_81' title='bbox 361 2237 822 2323; x_wconf 80' lang='lat' dir='ltr'><strong>continentem,</strong></span> <span class='ocrx_word' id='word_1_82' title='bbox 858 2240 1080 2308; x_wconf 86' lang='lat' dir='ltr'><strong>fundis</strong></span> <span class='ocrx_word' id='word_1_83' title='bbox 1129 2238 1400 2326; x_wconf 81' lang='lat' dir='ltr'><strong>Mathey</strong></span> <span class='ocrx_word' id='word_1_84' title='bbox 1434 2238 1757 2306; x_wconf 86' lang='lat' dir='ltr'><strong>aurifabri</strong></span> <span class='ocrx_word' id='word_1_85' title='bbox 1789 2240 1873 2304; x_wconf 85' lang='lat' dir='ltr'><strong>ab</strong></span> <span class='ocrx_word' id='word_1_86' title='bbox 1926 2239 2259 2322; x_wconf 89' lang='lat' dir='ltr'><strong>aquilone,</strong></span> <span class='ocrx_word' id='word_1_87' title='bbox 2299 2247 2363 2306; x_wconf 88' lang='lat' dir='ltr'><strong>et</strong></span> <span class='ocrx_word' id='word_1_88' title='bbox 2394 2242 2600 2308; x_wconf 89' lang='lat' dir='ltr'><strong>Bene-</strong></span> 
     </span>
     <span class='ocr_line' id='line_1_14' title="bbox 359 2340 2601 2434; baseline -0.001 -18"><span class='ocrx_word' id='word_1_89' title='bbox 359 2349 522 2416; x_wconf 82' lang='lat' dir='ltr'><strong>dicti</strong></span> <span class='ocrx_word' id='word_1_90' title='bbox 554 2345 796 2415; x_wconf 88' lang='lat' dir='ltr'><strong>sutoris</strong></span> <span class='ocrx_word' id='word_1_91' title='bbox 817 2345 932 2415; x_wconf 85' lang='lat' dir='ltr'><strong>filii</strong></span> <span class='ocrx_word' id='word_1_92' title='bbox 962 2348 1145 2415; x_wconf 87' lang='lat' dir='ltr'><strong>Beke</strong></span> <span class='ocrx_word' id='word_1_93' title='bbox 1165 2367 1208 2413; x_wconf 96' lang='lat' dir='ltr'><strong>a</strong></span> <span class='ocrx_word' id='word_1_94' title='bbox 1240 2345 1511 2416; x_wconf 86' lang='lat' dir='ltr'><strong>meridie</strong></span> <span class='ocrx_word' id='word_1_95' title='bbox 1543 2340 1854 2416; x_wconf 82' lang='lat' dir='ltr'><strong>vicinatis</strong></span> <span class='ocrx_word' id='word_1_96' title='bbox 1879 2348 2190 2417; x_wconf 81' lang='lat' dir='ltr'><strong>videlicet</strong></span> <span class='ocrx_word' id='word_1_97' title='bbox 2223 2348 2601 2434; x_wconf 86' lang='lat' dir='ltr'><strong>mediatum,</strong></span> 
     </span>
     <span class='ocr_line' id='line_1_15' title="bbox 360 2454 2603 2541; baseline 0.004 -21"><span class='ocrx_word' id='word_1_98' title='bbox 360 2457 472 2541; x_wconf 91' lang='lat' dir='ltr'><strong>qui</strong></span> <span class='ocrx_word' id='word_1_99' title='bbox 505 2457 676 2523; x_wconf 91' lang='lat' dir='ltr'><strong>inter</strong></span> <span class='ocrx_word' id='word_1_100' title='bbox 724 2457 887 2524; x_wconf 88' lang='lat' dir='ltr'><strong>duas</strong></span> <span class='ocrx_word' id='word_1_101' title='bbox 938 2458 1085 2526; x_wconf 86' lang='lat' dir='ltr'><strong>vias</strong></span> <span class='ocrx_word' id='word_1_102' title='bbox 1137 2457 1400 2540; x_wconf 80' lang='lat' dir='ltr'><strong>existit,</strong></span> <span class='ocrx_word' id='word_1_103' title='bbox 1459 2461 1530 2521; x_wconf 89' lang='lat' dir='ltr'><strong>ut</strong></span> <span class='ocrx_word' id='word_1_104' title='bbox 1561 2454 1867 2540; x_wconf 81' lang='lat' dir='ltr'><strong>dicebat,</strong></span> <span class='ocrx_word' id='word_1_105' title='bbox 1921 2477 2193 2540; x_wconf 90' lang='lat' dir='ltr'><strong>quarum</strong></span> <span class='ocrx_word' id='word_1_106' title='bbox 2226 2477 2357 2525; x_wconf 82' lang='lat' dir='ltr'><strong>vna</strong></span> <span class='ocrx_word' id='word_1_107' title='bbox 2389 2476 2431 2523; x_wconf 85' lang='lat' dir='ltr'><strong>a</strong></span> <span class='ocrx_word' id='word_1_108' title='bbox 2460 2457 2603 2529; x_wconf 86' lang='lat' dir='ltr'><strong>loeo</strong></span> 
     </span>
     <span class='ocr_line' id='line_1_16' title="bbox 361 2564 2595 2653; baseline -0 -19"><span class='ocrx_word' id='word_1_109' title='bbox 361 2567 489 2634; x_wconf 86' lang='lat' dir='ltr'><strong>fori</strong></span> <span class='ocrx_word' id='word_1_110' title='bbox 520 2566 862 2634; x_wconf 86' lang='lat' dir='ltr'><strong>deseendit</strong></span> <span class='ocrx_word' id='word_1_111' title='bbox 892 2587 935 2633; x_wconf 87' lang='lat' dir='ltr'><strong>a</strong></span> <span class='ocrx_word' id='word_1_112' title='bbox 985 2572 1172 2652; x_wconf 85' lang='lat' dir='ltr'><strong>parte</strong></span> <span class='ocrx_word' id='word_1_113' title='bbox 1224 2564 1750 2652; x_wconf 81' lang='lat' dir='ltr'><strong>septemtrionali</strong></span> <span class='ocrx_word' id='word_1_114' title='bbox 1781 2584 2011 2633; x_wconf 90' lang='lat' dir='ltr'><strong>uersus</strong></span> <span class='ocrx_word' id='word_1_115' title='bbox 2057 2572 2321 2652; x_wconf 87' lang='lat' dir='ltr'><strong>puteum</strong></span> <span class='ocrx_word' id='word_1_116' title='bbox 2354 2569 2595 2653; x_wconf 81' lang='lat' dir='ltr'><strong>Karna,</strong></span> 
     </span>
     <span class='ocr_line' id='line_1_17' title="bbox 361 2673 2598 2761; baseline 0 -20"><span class='ocrx_word' id='word_1_117' title='bbox 361 2673 501 2743; x_wconf 83' lang='lat' dir='ltr'><strong>alia</strong></span> <span class='ocrx_word' id='word_1_118' title='bbox 531 2693 690 2743; x_wconf 87' lang='lat' dir='ltr'><strong>uero</strong></span> <span class='ocrx_word' id='word_1_119' title='bbox 724 2676 1019 2743; x_wconf 85' lang='lat' dir='ltr'><strong>ascendit</strong></span> <span class='ocrx_word' id='word_1_120' title='bbox 1051 2676 1115 2740; x_wconf 90' lang='lat' dir='ltr'><strong>in</strong></span> <span class='ocrx_word' id='word_1_121' title='bbox 1152 2695 1448 2761; x_wconf 86' lang='lat' dir='ltr'><strong>eampum</strong></span> <span class='ocrx_word' id='word_1_122' title='bbox 1483 2696 1525 2741; x_wconf 86' lang='lat' dir='ltr'><strong>a</strong></span> <span class='ocrx_word' id='word_1_123' title='bbox 1554 2681 1741 2761; x_wconf 83' lang='lat' dir='ltr'><strong>parte</strong></span> <span class='ocrx_word' id='word_1_124' title='bbox 1773 2676 2186 2744; x_wconf 88' lang='lat' dir='ltr'><strong>meridionali</strong></span> <span class='ocrx_word' id='word_1_125' title='bbox 2221 2696 2338 2761; x_wconf 86' lang='lat' dir='ltr'><strong>per</strong></span> <span class='ocrx_word' id='word_1_126' title='bbox 2370 2676 2598 2744; x_wconf 91' lang='lat' dir='ltr'><strong>monti-</strong></span> 
     </span>
     <span class='ocr_line' id='line_1_18' title="bbox 367 2783 2602 2872; baseline 0 -22"><span class='ocrx_word' id='word_1_127' title='bbox 367 2785 604 2870; x_wconf 78' lang='lat' dir='ltr'><strong>culum,</strong></span> <span class='ocrx_word' id='word_1_128' title='bbox 642 2784 862 2851; x_wconf 88' lang='lat' dir='ltr'><strong>retulit</strong></span> <span class='ocrx_word' id='word_1_129' title='bbox 893 2804 967 2851; x_wconf 92' lang='lat' dir='ltr'><strong>se</strong></span> <span class='ocrx_word' id='word_1_130' title='bbox 1018 2784 1400 2852; x_wconf 86' lang='lat' dir='ltr'><strong>uendidisse</strong></span> <span class='ocrx_word' id='word_1_131' title='bbox 1449 2784 1841 2853; x_wconf 85' lang='lat' dir='ltr'><strong>Reuerendo</strong></span> <span class='ocrx_word' id='word_1_132' title='bbox 1898 2783 2205 2872; x_wconf 82' lang='lat' dir='ltr'><strong>Capitulo</strong></span> <span class='ocrx_word' id='word_1_133' title='bbox 2243 2784 2602 2869; x_wconf 78' lang='lat' dir='ltr'><strong>&#39;vesprimi-</strong></span> 
     </span>
     <span class='ocr_line' id='line_1_19' title="bbox 368 2893 2598 2979; baseline -0 -20"><span class='ocrx_word' id='word_1_134' title='bbox 368 2893 544 2961; x_wconf 87' lang='lat' dir='ltr'><strong>ensis</strong></span> <span class='ocrx_word' id='word_1_135' title='bbox 593 2893 889 2959; x_wconf 83' lang='lat' dir='ltr'><strong>Eeolesie</strong></span> <span class='ocrx_word' id='word_1_136' title='bbox 939 2914 1055 2978; x_wconf 92' lang='lat' dir='ltr'><strong>pro</strong></span> <span class='ocrx_word' id='word_1_137' title='bbox 1090 2911 1218 2958; x_wconf 85' lang='lat' dir='ltr'><strong>una</strong></span> <span class='ocrx_word' id='word_1_138' title='bbox 1268 2912 1494 2961; x_wconf 81' lang='lat' dir='ltr'><strong>maroa</strong></span> <span class='ocrx_word' id='word_1_139' title='bbox 1538 2893 1837 2978; x_wconf 85' lang='lat' dir='ltr'><strong>plenarie</strong></span> <span class='ocrx_word' id='word_1_140' title='bbox 1887 2899 2159 2979; x_wconf 86' lang='lat' dir='ltr'><strong>recepta</strong></span> <span class='ocrx_word' id='word_1_141' title='bbox 2207 2894 2293 2960; x_wconf 85' lang='lat' dir='ltr'><strong>ab</strong></span> <span class='ocrx_word' id='word_1_142' title='bbox 2344 2893 2598 2979; x_wconf 89' lang='lat' dir='ltr'><strong>eodem,</strong></span> 
     </span>
     <span class='ocr_line' id='line_1_20' title="bbox 366 2991 2598 3087; baseline 0 -21"><span class='ocrx_word' id='word_1_143' title='bbox 366 3002 431 3066; x_wconf 89' lang='lat' dir='ltr'><strong>in</strong></span> <span class='ocrx_word' id='word_1_144' title='bbox 461 2991 837 3087; x_wconf 78' lang='lat' dir='ltr'><strong>perpetuum</strong></span> <span class='ocrx_word' id='word_1_145' title='bbox 857 3000 1132 3086; x_wconf 80' lang='lat' dir='ltr'><strong>pacifice</strong></span> <span class='ocrx_word' id='word_1_146' title='bbox 1152 3009 1217 3069; x_wconf 89' lang='lat' dir='ltr'><strong>et</strong></span> <span class='ocrx_word' id='word_1_147' title='bbox 1236 3000 1453 3085; x_wconf 91' lang='lat' dir='ltr'><strong>quiete</strong></span> <span class='ocrx_word' id='word_1_148' title='bbox 1474 3021 1556 3068; x_wconf 82' lang='lat' dir='ltr'><strong>ac</strong></span> <span class='ocrx_word' id='word_1_149' title='bbox 1576 2999 2090 3068; x_wconf 81' lang='lat' dir='ltr'><strong>irreuocabiliter</strong></span> <span class='ocrx_word' id='word_1_150' title='bbox 2111 3000 2598 3086; x_wconf 88' lang='lat' dir='ltr'><strong>possidendum.</strong></span> 
     </span>
     <span class='ocr_line' id='line_1_21' title="bbox 368 3108 2598 3196; baseline 0 -20"><span class='ocrx_word' id='word_1_151' title='bbox 368 3110 610 3178; x_wconf 86' lang='lat' dir='ltr'><strong>Datum</strong></span> <span class='ocrx_word' id='word_1_152' title='bbox 643 3109 708 3176; x_wconf 93' lang='lat' dir='ltr'><strong>in</strong></span> <span class='ocrx_word' id='word_1_153' title='bbox 742 3108 906 3179; x_wconf 86' lang='lat' dir='ltr'><strong>festo</strong></span> <span class='ocrx_word' id='word_1_154' title='bbox 938 3110 1130 3177; x_wconf 88' lang='lat' dir='ltr'><strong>Beati</strong></span> <span class='ocrx_word' id='word_1_155' title='bbox 1182 3109 1432 3179; x_wconf 82' lang='lat' dir='ltr'><strong>Vrbani</strong></span> <span class='ocrx_word' id='word_1_156' title='bbox 1465 3111 1646 3196; x_wconf 90' lang='lat' dir='ltr'><strong>Pape</strong></span> <span class='ocrx_word' id='word_1_157' title='bbox 1678 3128 1853 3177; x_wconf 87' lang='lat' dir='ltr'><strong>anno</strong></span> <span class='ocrx_word' id='word_1_158' title='bbox 1885 3110 2147 3178; x_wconf 92' lang='lat' dir='ltr'><strong>Domini</strong></span> <span class='ocrx_word' id='word_1_159' title='bbox 2179 3109 2281 3179; x_wconf 79' lang='grc' dir='ltr'><strong>Μο</strong></span> <span class='ocrx_word' id='word_1_160' title='bbox 2311 3109 2454 3178; x_wconf 79' lang='lat'><strong>00⁰</strong></span> <span class='ocrx_word' id='word_1_161' title='bbox 2484 3130 2598 3178; x_wconf 90' lang='lat' dir='ltr'><strong>no·</strong></span> 
     </span>
     <span class='ocr_line' id='line_1_22' title="bbox 372 3218 1002 3305; baseline -0.003 -20"><span class='ocrx_word' id='word_1_162' title='bbox 372 3220 711 3305; x_wconf 87' lang='lat' dir='ltr'><strong>nagesimo</strong></span> <span class='ocrx_word' id='word_1_163' title='bbox 754 3218 1002 3304; x_wconf 78' lang='lat' dir='ltr'><strong>quinto·</strong></span> 
     </span>
    </p>
   </div>
   <div class='ocr_carea' id='block_1_6' title="bbox 750 3408 2226 3485">
    <p class='ocr_par' dir='ltr' id='par_1_6' title="bbox 750 3408 2226 3485">
     <span class='ocr_line' id='line_1_23' title="bbox 750 3408 2226 3485; baseline 0 -18"><span class='ocrx_word' id='word_1_164' title='bbox 750 3411 1043 3483; x_wconf 77' lang='lat' dir='ltr'><strong>(Ei-edetis</strong></span> <span class='ocrx_word' id='word_1_165' title='bbox 1071 3429 1107 3468; x_wconf 81' lang='lat' dir='ltr'><strong>a</strong></span> <span class='ocrx_word' id='word_1_166' title='bbox 1131 3408 1450 3485; x_wconf 76' lang='lat' dir='ltr'><strong>veszpremi</strong></span> <span class='ocrx_word' id='word_1_167' title='bbox 1474 3411 1754 3485; x_wconf 67' lang='lat' dir='ltr'><strong>kaptalan</strong></span> <span class='ocrx_word' id='word_1_168' title='bbox 1781 3410 2226 3483; x_wconf 66' lang='lat' dir='ltr'><strong>leveltaraban.)</strong></span> 
     </span>
    </p>
   </div>
  </div>
 </body>
</html>
