3416 5313
1415 382 1545 449 243

358 583 755 669 peticionem
789 580 945 651 dieti
980 579 1282 667 magistri
1314 577 2041 665 SeraphiniPrepositi,
2082 584 2313 646 nostro
2340 576 2609 646 fecimus

356 692 579 778 sigillo
634 691 1009 777 consignari
1032 739 1051 775 ‚
1105 699 1171 759 et
1203 690 1417 756 eidem
1451 686 1796 772 Preposito
1851 687 2207 770 assignari.
2261 685 2509 752 Datum
2537 684 2610 753 iu

355 799 533 868 festo
564 798 754 868 Beati
788 798 994 868 Marci
1028 797 1471 884 Ewangeliste
1512 815 1686 865 anno
1708 795 1976 864 Domini
2007 795 2106 862 Μ’)
2140 792 2293 861 00⁰
2324 811 2612 877 nonage-

362 928 526 976 simo
559 943 648 957 —
679 942 767 956 -
802 944 908 974 -.

358 1102 630 1175 (Hartya.
651 1100 869 1174 Kiiljen
891 1121 925 1160 a
945 1099 1376 1174 peesetnyomo.
1399 1100 1485 1156 ΑΖ
1506 1098 1577 1160 έν
1595 1098 1906 1172 vegszama
1925 1097 2177 1171 kitepve,
2202 1095 2614 1175 Pozsonyktip—

557 1195 739 1251 talani
766 1190 1246 1265 maganleveltar‚
1274 1190 1467 1263 Capsa
1495 1193 1559 1247 E.
1588 1192 1758 1249 Fasc.
1785 1193 1837 1248 4.
1863 1187 2003 1247 Nro.
2033 1189 2155 1245 107.
2184 1185 2414 1253 Knauz.)

1231 1486 1722 1501 Ἣ*

1408 2037 1559 2101 157.

371 2235 502 2300 Zciz
534 2234 737 2300 birtok
770 2255 847 2297 az
875 2231 1092 2300 illetb'k
1121 2233 1265 2297 kozt
1281 2232 1658 2317 felosztatik
1708 2254 1749 2294 a
1772 2235 2079 2320 pozsonyi
2118 2226 2624 2320 kdptalansselb'tt.

1265 2341 1731 2406 1290-1299.
2550 2350 2554 2354 Δ

588 2539 932 2606 Vniuersis
954 2537 1199 2605 Christi
1232 2537 1535 2604 fidelibus
1556 2556 1708 2624 pres
1721 2543 1902 2604 entes
1935 2539 2192 2606 litteras
2224 2538 2328 2605 ins
2342 2537 2628 2626 pecturis

375 2647 750 2731 Capitulum
801 2646 1101 2716 Ecclesia
1135 2644 1563 2712 Posoniensis
1617 2645 1895 2713 salutem
1949 2646 2017 2713 in
2049 2647 2331 2716 Domino
2383 2645 2623 2733 sempi-

375 2761 650 2821 ternam.
686 2755 789 2821 Ad
808 2756 1252 2821 vniuersorum
1274 2754 1585 2822 noticiam
1608 2759 1835 2821 tenore
1876 2757 2294 2839 presencium
2328 2756 2625 2823 uolumus

375 2867 758 2948 peruenire,
812 2861 985 2946 quod
1018 2859 1393 2931 constitutis
1446 2861 1883 2947 personaliter
1915 2883 2131 2931 eoram
2180 2863 2372 2932 nobis
2407 2861 2626 2930 Domi-

374 2972 525 3039 nioo
560 2980 627 3039 et
680 2972 1015 3055 Stephano
1068 2968 1228 3053 filijs
1261 2970 1455 3038 Pauli
1507 2971 1588 3037 de
1621 2973 1754 3038 Zaz
1795 2991 1914 3056 pro
1950 2991 2026 3039 se
2057 2978 2122 3043 et
2172 2992 2289 3057 pro
2321 2969 2622 3057 Nyoolao

374 3081 582 3147 fratre
615 3098 734 3147 suo
758 3130 776 3162 ,
830 3080 1050 3152 Ponsa
1083 3075 1217 3144 filio
1267 3079 1522 3146 Naleha
1556 3073 1893 3166 (Nyalka)
1927 3077 2226 3146 similiter
2274 3099 2394 3164 pro
2448 3097 2521 3145 se
2554 3081 2621 3144 et

367 3202 504 3273 ‘pro
538 3188 578 3254 J
583 3186 840 3255 ohanne
871 3186 1003 3252 filio
1038 3183 1273 3254 Jacobi
1307 3192 1372 3251 et
1405 3204 1522 3270 pro
1545 3185 1885 3271 Leupoldo
1919 3186 2056 3255 filio
2082 3186 2281 3270 Petri,
2316 3184 2626 3255 Johanne

379 3293 514 3361 filio
547 3293 812 3360 Martini
845 3314 967 3378 pro
1002 3309 1074 3358 se
1108 3300 1174 3359 et
1204 3312 1322 3379 pro
1356 3294 1564 3360 Paulo
1617 3292 1821 3360 fratre
1856 3312 1972 3360 suo
1994 3344 2013 3379 ,
2058 3293 2458 3362 Sebastiano
2492 3291 2626 3360 filio

381 3400 669 3468 Fabiani
717 3420 836 3488 pro
889 3422 960 3467 se
1012 3405 1078 3465 et
1125 3420 1244 3485 pro
1279 3399 1624 3467 Dominieo
1674 3401 1880 3468 fratre
1932 3400 2051 3468 suo
2103 3401 2189 3469 ab
2232 3422 2366 3468 una
2396 3406 2628 3488 parte;

367 3493 602 3576 ⁸Nemil
637 3528 756 3592 pro
790 3525 863 3572 se
897 3513 963 3575 et
1008 3525 1125 3592 pro
1158 3506 1360 3590 Hugil
1412 3506 1613 3574 fratre
1646 3526 1802 3593 suo,
1838 3507 2019 3575 Cuoh
2070 3507 2205 3575 filio
2245 3509 2474 3577 Benke
2504 3528 2626 3592 pro

386 3637 460 3683 se
496 3611 619 3702 (et)
653 3613 816 3699 filijs
867 3615 1001 3681 suis
1039 3614 1246 3682 Chete
1280 3622 1345 3682 et
1376 3616 1667 3701 Symone
1690 3663 1710 3698 ,
1762 3616 1969 3683 Paulo
2022 3615 2157 3683 filio
2188 3614 2464 3684 Turked
2513 3634 2632 3702 pro

390 3745 465 3792 se
499 3727 564 3790 et
593 3741 711 3806 pro
743 3722 1213 3790 Bartholomeo
1248 3742 1331 3789 ao
1363 3721 1689 3789 Michaele
1724 3723 2037 3792 fratribus
2072 3724 2226 3811 suis,
2263 3724 2468 3791 Chule
2502 3722 2640 3789 fllio

388 3832 618 3898 Belian
654 3850 769 3915 pro
794 3849 865 3896 se
902 3834 969 3895 et
990 3849 1107 3913 pro
1142 3829 1357 3896 Chiba
1388 3850 1469 3899 ae
1489 3830 1746 3898 Thoma
1764 3830 2084 3900 fratribus
2117 3836 2250 3899 suis
2278 3833 2365 3899 ab
2388 3834 2641 3917 altera3

391 3940 594 4024 ijdem
626 3939 864 4025 Nemil‚
899 3937 1144 4021 Ghueh,
1179 3941 1426 4007 Paulus
1450 3989 1468 4024 ‚
1503 3938 1712 4007 Chule
1747 3941 2038 4009 confessi
2079 3947 2232 4007 sunt
2260 3941 2419 4008 uiua
2450 3959 2636 4026 uoce,

394 4048 565 4131 quod
599 4047 840 4131 prefati
874 4041 1280 4131 Dominious,
1316 4047 1719 4131 Stephanus,
1745 4046 2091 4129 Nicolaus,
2122 4047 2361 4135 Pousa,
2393 4049 2645 4117 Johan-

392 4176 532 4241 nes,
567 4152 929 4240 Lypoldus‚
963 4154 1301 4222 Johannes
1336 4154 1421 4221 de
1453 4155 1603 4240 Zaz,
1636 4157 1901 4241 Paulus,
1948 4157 2380 4225 Sebastianus
2415 4163 2480 4223 et
2510 4158 2641 4225 Do·
2754 4200 2763 4206 -

396 4262 671 4329 minious
721 4262 887 4347 ipsis
920 4269 985 4330 et
1037 4264 1337 4331 omnibus
1391 4264 1693 4348 cognatis
1740 4270 1803 4328 et
1836 4265 2154 4350 proximis
2209 4265 2346 4333 suis
2378 4266 2448 4333 in
2480 4263 2644 4333 diui-

396 4370 585 4435 sione
618 4373 796 4435 terre
831 4373 899 4434 et
930 4369 1373 4454 possessionis
1425 4370 1508 4437 de
1542 4371 1673 4437 Zaz
1705 4371 2009 4457 plenarie
2042 4371 2534 4439 satisfacissent
2566 4388 2646 4437 eo

396 4477 593 4545 modo
615 4477 843 4559 ‚quod
877 4476 1218 4546 dedissent
1248 4477 1525 4563 prefatis
1556 4465 1775 4546 Nemil
1810 4486 1876 4549 et
1909 4478 2116 4564 Hugil
2150 4479 2520 4562 quindecim
2543 4478 2649 4563 ju-

400 4605 560 4669 gera
593 4589 912 4649 terrarum
967 4584 1318 4651 arabilium
1376 4586 1552 4653 eirca
1607 4585 1834 4651 uillam
1871 4594 1938 4651 et
1991 4593 2232 4652 terram
2268 4585 2458 4668 Ouga
2511 4583 2647 4652 exi·

399 4692 694 4779 stenoia3
746 4691 903 4759 item
939 4691 1164 4761 Chuoh
1198 4700 1264 4761 et
1312 4692 1470 4777 filijs
1521 4694 1658 4761 suis
1692 4693 1852 4761 Oete
1889 4688 2061 4780 (lgy)
2115 4699 2180 4761 et
2212 4692 2486 4780 Symoni
2534 4691 2647 4758 de·

2196 4804 2320 4872 16*
