3416 5313
1919 400 1996 463 18

840 619 981 665 rum
1013 600 1479 686 Wyenensium
1503 648 1520 676 ,
1564 619 1605 663 a
1638 598 1809 667 festo
1846 599 2039 667 Beati
2069 598 2334 664 Andree
2369 596 2690 681 Apostoli,
2726 598 2902 681 quod
2937 607 3080 663 orat

844 727 1016 772 anno
1048 707 1317 774 Domini
1349 710 1415 774 M
1437 705 1540 772 CC
1564 706 1836 772 LXXX.
1874 727 2042 774 nono
2067 757 2086 792 ,
2135 724 2341 788 usque
2374 704 2464 770 ad
2498 707 2859 789 proximam
2892 725 3078 774 reuo-

841 816 1158 882 lucionem
1208 816 1414 901 ipsius
1469 816 1624 882 festi
1657 817 1918 902 pignori
1970 815 2379 900 obligasset,
2433 813 2806 881 huiusmodi
2857 815 3076 883 condi·

843 922 1029 990 cione
1061 924 1417 990 interserta
1441 971 1458 1004 ,
1493 924 1664 1007 quod
1697 925 1755 989 si
1789 924 1855 988 in
1890 924 2308 991 reuolucione
2357 921 2647 989 eiusdem
2679 922 2832 989 festi
2864 925 3079 1007 ipsum

844 1050 1099 1098 seruum
1136 1050 1250 1115 pro
1286 1030 1532 1098 eisdem
1563 1032 1794 1116 viginti
1832 1032 2056 1120 pensis
2110 1032 2195 1097 ab
2250 1029 2481 1098 eodem
2520 1031 2878 1097 Benedicto
2914 1032 3081 1097 redi-

843 1160 1018 1206 mere
1051 1159 1176 1206 non
1211 1140 1506 1215 ualeret,
1560 1160 1641 1205 ex
1676 1147 1832 1206 tunc
1868 1146 2102 1208 octauo
2155 1139 2261 1207 die
2294 1147 2443 1228 post
2476 1140 2689 1224 ipsam
2722 1142 3078 1207 reuolucio-

843 1266 988 1312 nem
1021 1247 1194 1327 festi,
1232 1246 1645 1332 supradictus
1679 1249 2069 1314 Benedictus
2105 1249 2317 1315 eidem
2350 1248 2812 1315 Bartholomco
2851 1248 3076 1314 decem

844 1375 1093 1440 pensas
1145 1355 1569 1421 denariorum
1618 1356 2060 1442 superaddere
2095 1355 2382 1436 deberet,
2435 1361 2500 1420 et
2534 1361 2680 1439 post
2713 1354 3080 1420 huiusmodi

848 1463 1464 1547 superaddicionem
1515 1464 1646 1546 ipsi
1695 1462 2055 1531 Benedicto
2108 1471 2605 1549 perpetuaretur
2637 1483 2863 1529 seruus
2900 1471 3078 1527 ante·

849 1573 1085 1639 dictus.
1120 1572 1322 1653 Igitur
1353 1591 1494 1635 cum
1530 1572 1926 1638 adueniente
1947 1574 2361 1641 reuolucione
2386 1572 2538 1640 festi
2560 1573 3082 1655 supranominati

848 1702 975 1747 non
1009 1679 1334 1764 potuisset
1367 1680 1684 1747 redimere
1721 1701 1977 1748 seruum
2010 1688 2420 1769 prenotatum
2444 1732 2458 1761 ,
2494 1680 2708 1745 dictus
2749 1681 3082 1747 Bartholo-

850 1809 1034 1855 meus
1067 1789 1151 1854 ab
1187 1789 1420 1854 eodem
1452 1789 1677 1856 Mikov
1729 1790 1873 1855 vice
1909 1799 1972 1855 et
2008 1791 2264 1856 nomine
2319 1788 2562 1877 prefati
2612 1791 2953 1856 Benedicti
2987 1810 3082 1856 re-

851 1899 1101 1984 cipiens
1137 1899 1542 1983 supradictas
1598 1900 1825 1965 docem
1860 1920 2107 1985 pensas
2156 1902 2433 1966 eundem
2469 1901 2808 1966 Micaciern
2844 1920 2961 1983 pro
2995 1900 3083 1966 vi·
3163 1964 3166 1965 γ

851 2009 1014 2093 ginti
1045 2027 1272 2093 pensis
1306 2008 1555 2091 pridem
1610 2007 2094 2092 inpignoratis,
2148 2016 2212 2073 et
2247 2009 2469 2074 decem
2525 2011 2751 2094 pensis
2803 2027 2973 2072 nunc
3005 2028 3088 2072 ex

851 2134 1020 2184 nouo
1090 2136 1211 2200 per
1243 2116 1513 2181 eundem
1553 2117 1777 2183 Mikov
1828 2120 2199 2202 persolu4is,
2235 2116 2523 2183 reddidit
2574 2125 2636 2182 et
2667 2116 3085 2202 perpetuauit

850 2224 977 2309 ipsi
1012 2221 1362 2290 Benedicto
1395 2231 1705 2307 perpetuo
1746 2227 1804 2288 in
1843 2224 2009 2292 filios
2043 2223 2358 2308 filiorum3
2396 2225 2750 2306 obligando
2784 2245 2871 2304 se,
2910 2226 3082 2306 quod

855 2333 1217 2415 quicunque
1252 2350 1564 2414 processu
1595 2339 1950 2418 temporum
1987 2330 2261 2397 eundem
2285 2350 2540 2398 seruum
2578 2332 2663 2395 ab
2698 2329 2929 2397 eodem
2964 2333 3084 2396 Be-

855 2439 1110 2505 nedicto
1145 2439 1438 2521 inpetere
1487 2447 1950 2523 attemptaret,
2000 2440 2142 2522 ipse
2196 2438 2691 2504 Baraholomeus
2743 2460 2859 2526 pro
2914 2447 3085 2515 sect

854 2569 969 2635 pro
1000 2546 1155 2612 filiis
1192 2548 1324 2609 suis
1359 2546 1666 2631 expedire
1699 2547 2022 2611 tenebitur
2055 2546 2334 2632 propriis
2373 2547 2706 2612 laboribus
2743 2556 2808 2610 et
2842 2568 3077 2633 expen-

856 2658 968 2724 sis.
1006 2654 1174 2723 Huic
1208 2655 1419 2721 eciam
1470 2655 1843 2721 uendicioni
1894 2662 1959 2719 et
1992 2654 2487 2742 perpetuacioni
2536 2654 2874 2722 Jobannes
2918 2655 3086 2722 filius

856 2767 1064 2832 Pasca
1093 2764 1296 2829 frater
1327 2764 1532 2848 ipsius
1565 2764 2012 2829 Bartholomei
2062 2765 2252 2829 simul
2287 2785 2431 2829 cum
2485 2764 2709 2830 eodem
2744 2764 3087 2830 Bartholo-

855 2893 1000 2939 meo
1033 2872 1520 2957 presencialiter
1548 2892 1771 2937 coram
1803 2872 1989 2939 nobis
2044 2873 2432 2938 constitutus
2484 2892 2870 2939 consensum
2904 2893 3087 2938 suum

856 2979 1154 3045 adhibuit
1187 2979 1432 3063 pariter
1466 2986 1529 3044 et
1563 2997 1926 3046 assensum.
1975 2981 2047 3045 In
2082 2981 2264 3045 cuius
2299 2983 2390 3046 rei
2426 2981 2804 3048 memoriam
2827 2999 3088 3065 presen-

857 3094 958 3153 tes
991 3090 1430 3155 concessimus
1453 3087 1706 3153 litteras
1731 3087 1934 3168 sigilli
1957 3087 2161 3154 nostri
2183 3089 2529 3153 munimine
2550 3089 2918 3156 roboratas.
2955 3089 3085 3153 Da-

857 3202 995 3261 tum
1026 3214 1197 3261 anno
1232 3195 1495 3263 Domini
1530 3197 1591 3260 M
1615 3194 1776 3261 CCL
1795 3191 2077 3260 XXXX.

861 3391 1128 3465 (Hartya.
1155 3420 1226 3430 —-
1251 3390 1306 3444 A
1330 3388 1461 3459 meg
1499 3389 1568 3460 ep
1598 3390 1797 3460 pecset
1833 3388 1996 3444 sehetr
2033 3388 2293 3460 selymen
2331 3388 2491 3462 fiigg.
2524 3420 2577 3429 —
2617 3388 3089 3462 Pozsonykapta·

1002 3483 1121 3538 lani
1149 3480 1420 3555 orszigos
1447 3478 1711 3536 leveltar.
1742 3478 1931 3552 Capsa
1956 3479 2111 3537 XIV.
2141 3478 2309 3536 Fasc.
2338 3482 2427 3536 10.
2455 3480 2550 3536 Nr.
2576 3479 2664 3545 37.
2708 3483 2943 3547 Knauz.)

1718 3777 1975 3784 ffl—-r„·
2003 3778 2012 3780 ,
