3416 5313
1487 394 1575 462 89

1482 1041 1591 1107 55.

415 1243 474 1312 Α
498 1246 801 1332 poszonyi
850 1244 1160 1331 kdptalam
1210 1239 1733 1329 bizonyadqlevole
1750 1292 1770 1327 ,
1819 1239 1978 1327 hoqy
2007 1236 2236 1325 Aqlent
2257 1290 2274 1323 ,
2323 1238 2663 1305 Oroanda·

418 1354 659 1422 chama
678 1357 831 1440 majo,
863 1350 1088 1418 Annua
1118 1352 1280 1416 nevil
1294 1348 1664 1437 azolqdldjdt
1698 1348 2022 1414 azabadda
2039 1348 2429 1435 boosdjtotta.
2464 1347 2660 1415 1293.

1218 1550 1296 1617 A.
1512 1551 1582 1612 B.
1801 1546 1871 1615 G.

633 1697 973 1765 Vniuersis
1004 1693 1248 1763 Christi
1297 1690 1603 1761 fidelibus
1635 1700 1980 1782 presentes
2031 1693 2291 1764 litteras
2334 1696 2661 1782 inspectu-

420 1809 513 1876 ris
541 1805 915 1893 Capitulum
966 1804 1264 1873 Ecclesie
1295 1804 1723 1872 Posoniensis
1778 1805 2059 1874 salutem
2111 1805 2180 1872 in
2216 1806 2515 1875 Domino.
2563 1807 2665 1874 Ad

419 1918 871 1985 vniuersorum
900 1914 1211 1983 noticiam
1259 1917 1487 1981 tenore
1516 1912 1932 1998 presencium
1961 1915 2262 1980 volumus
2293 1917 2661 2000 peruenire,

420 2026 595 2112 quod
626 2026 891 2094 domina
909 2023 1175 2109 Aglent‚
1206 2041 1371 2091 uxor
1394 2020 1648 2092 Chama
1678 2023 1765 2090 de
1785 2023 2105 2107 Vruzvar,
2138 2022 2492 2090 constituta
2519 2042 2661 2110 per-

419 2135 733 2203 sonaliter
763 2154 989 2201 coram
1021 2133 1238 2220 nobis,
1270 2131 1606 2216 quandam
1634 2132 1951 2201 ancillam
1998 2152 2185 2199 suam
2217 2133 2442 2200 Annus
2474 2152 2668 2200 uoca-

420 2252 580 2327 tam,
611 2243 812 2311 filiam
846 2242 1262 2329 Margarethe
1283 2240 1579 2309 similiter
1612 2241 1855 2308 ancille
1887 2260 2025 2326 sue,
2045 2248 2341 2326 tempore
2362 2242 2668 2310 tradicio-

423 2353 529 2420 nis
560 2371 675 2420 sue
707 2370 927 2420 secum
959 2349 1268 2432 adducte,
1302 2356 1615 2434 presente
1647 2350 1882 2419 eodem
1902 2349 2156 2418 Chama
2186 2351 2417 2417 marito
2449 2370 2568 2420 suo
2600 2360 2669 2419 et

426 2462 646 2530 Endre
674 2463 808 2531 fflio
839 2459 1138 2543 Renoldi‚
1172 2459 1282 2543 qui
1312 2481 1431 2546 pro
1461 2480 1534 2529 se
1565 2466 1631 2529 et
1663 2481 1783 2546 pro
1812 2459 2091 2530 Nicolao
2111 2459 2318 2527 fratre
2347 2479 2465 2529 suo
2501 2482 2669 2528 com-

425 2571 662 2659 paruit,
695 2577 759 2635 et
801 2569 1009 2636 eciam
1041 2568 1453 2652 presentibus
1485 2554 1675 2635 Kene
1713 2567 1853 2635 filia
1889 2588 2029 2650 sua,
2064 2587 2145 2635 ac
2163 2565 2419 2636 Thema
2449 2568 2534 2639 de
2564 2589 2670 2639 ea-

426 2682 574 2750 dem
606 2683 917 2763 Vruzvar,
951 2679 1185 2747 marito
1219 2679 1425 2766 ipsius
1458 2677 1594 2747 filie
1644 2665 1763 2745 sue
1814 2678 2384 2749 consencientibus
2435 2686 2502 2746 et
2530 2697 2672 2766 per-

428 2789 837 2858 mittentibus
884 2793 1253 2872 spontanea
1300 2791 1642 2856 voluntate
1674 2810 1795 2876 pro
1830 2808 1947 2856 suc
1965 2842 1984 2875 ‚
2018 2793 2491 2873 parentumque
2524 2809 2672 2855 suo-

424 2918 564 2965 rum
601 2898 968 2965 animarum
999 2894 1289 2964 remedio
1321 2897 1388 2964 in
1421 2899 1629 2966 nostri
1660 2900 2011 2983 presencia
2042 2898 2419 2965 manumisit
2450 2902 2516 2965 et
2545 2904 2674 2965 tra-

430 3007 595 3075 didit
624 3011 939 3093 perpetue
968 3003 1265 3073 libertati
1298 3006 1368 3073 in
1398 3003 1568 3073 filios
1600 3004 1897 3074 filiorum.
1931 3005 2119 3073 Dans
2151 3006 2363 3074 eidem
2397 3013 2461 3072 et
2493 3007 2672 3074 omni

431 3116 809 3204 posteritati
840 3134 958 3181 sue
989 3113 1355 3197 ubicunque
1407 3120 1473 3182 et
1505 3114 1685 3199 apud
1719 3132 2138 3198 quoscunque
2186 3115 2468 3183 uoluerit
2496 3135 2668 3182 com-

434 3225 737 3295 morandi
768 3222 1042 3291 liberam
1077 3223 1476 3306 facultatem,
1505 3223 1868 3308 obligando
1919 3243 1992 3291 se
2013 3275 2029 3306 ,
2081 3225 2261 3311 quod
2309 3224 2675 3309 quicunqne

438 3327 753 3419 processu
805 3339 1164 3417 temporum
1240 3332 1520 3399 eandem
1572 3333 1802 3401 Annus
1855 3335 2206 3403 occasione
2274 3329 2676 3403 condicionis

434 3442 712 3529 pristine
731 3440 1103 3509 intenderet
1127 3441 1407 3508 forsitan
1428 3441 1806 3528 molestare,
1827 3440 2126 3528 predicta
2145 3442 2410 3510 domina
2429 3442 2677 3526 Aglent

436 3549 769 3621 tenebitur
801 3570 945 3617 eam
980 3549 1329 3619 defendere
1361 3557 1428 3620 et
1457 3551 1625 3620 tueri
1656 3550 1942 3639 propriis
1962 3552 2299 3622 laboribus
2334 3557 2401 3619 et
2432 3571 2672 3638 expen-

437 3661 553 3729 sis.
599 3660 845 3728 Datum
877 3658 945 3725 in
984 3657 1152 3724 festo
1186 3659 1410 3728 Sancti
1430 3658 1681 3727 Vrbani
1714 3663 1920 3748 Papo,
1945 3681 2121 3728 anno
2141 3657 2406 3729 Domini
2437 3661 2520 3727 M.
2544 3659 2671 3729 CC.

431 3769 862 3854 nonagesimo
908 3767 1131 3837 tercio.

434 3982 705 4056 (Hartya.
734 3980 1095 4054 Ugyancsak
1120 3979 1333 4054 hartya
1360 3985 1646 4054 szalagrol
1674 3980 1914 4058 lefugg6
1939 3981 2012 4057 ep
2038 3983 2342 4056 pecsdttel.
2392 3985 2684 4056 Pozsony-

504 4071 815 4147 ksptalani
843 4072 1118 4150 orszagos
1144 4073 1389 4133 levdltar
1415 4074 1609 4149 Capsa
1632 4074 1791 4131 XIV.
1817 4076 1986 4133 Fasc.
2011 4074 2097 4133 23.
2123 4076 2260 4134 Nro.
2287 4075 2338 4131 3.
2377 4076 2603 4143 Knauz.)
