3416 5313
1724 338 2025 435 333,

757 534 1017 583 marcas
1048 516 1285 600 partim
1308 521 1371 584 in
1397 525 1675 602 argento
1712 518 2056 601 communi,
2084 517 2321 601 partim
2342 517 2404 582 in
2441 517 2870 584 estimacionc
2900 537 3012 582 no-

759 621 876 689 bili
908 643 1025 693 scu
1060 623 1408 711 condigna,
1441 625 1505 689 in
1540 625 1794 692 duobus
1830 625 2124 694 terminis
2159 644 2376 692 coram
2410 626 2641 711 nobis;
2697 622 3012 691 videlicet

757 735 1031 812 quatuor
1062 751 1318 798 marcas
1353 739 1418 797 ct
1452 732 1792 799 dimidiam
1828 734 2088 799 solucnt
2121 734 2191 801 in
2222 732 2475 801 octauis
2509 733 2738 799 Sancti
2768 730 3009 799 Jacobi

755 857 922 905 nunc
955 841 1273 926 venturis,
1288 840 1605 925 judicium
1640 841 1962 909 incursuri
1998 843 2054 909 si
2078 862 2203 906 non
2232 842 2550 909 soluerint
2578 844 2728 926 ipso
2761 838 2892 924 die,
2916 859 3015 904 rc·

758 945 985 1013 siduas
1034 954 1249 1013 autem
1305 954 1584 1032 quatuor
1635 967 1894 1018 marcas
1947 955 2012 1015 ct
2046 946 2386 1019 dimidiam
2440 946 2688 1014 dabunt
2720 947 2787 1013 in
2840 946 3015 1013 festo

760 1053 984 1121 Sancti
1014 1055 1220 1141 Regis
1269 1053 1668 1139 proximius,
1723 1075 1868 1121 cum
1904 1054 2103 1141 duplo
2138 1056 2194 1122 si
2243 1053 2762 1140 pretermiserint
2796 1054 3017 1139 ipsum

760 1160 933 1227 diem
958 1182 974 1245 ;
1002 1158 1294 1245 judicem
1318 1170 1383 1229 et
1411 1161 1803 1248 pristaldum
1842 1168 2068 1249 partes
2102 1163 2371 1245 placare
2397 1167 2899 1244 assumpserunt
2932 1158 3018 1227 dc

761 1268 954 1355 omni,
990 1274 1056 1335 ct
1085 1271 1264 1336 facta
1285 1272 1475 1337 totali
1496 1271 1835 1339 solucione
1870 1269 2031 1338 dicti
2066 1268 2187 1354 filij
2220 1269 2527 1356 Farkasij
2562 1276 2627 1335 ct
2656 1267 2771 1355 filij
2809 1270 3019 1335 Perse

760 1374 843 1440 de
875 1382 1063 1460 parte
1100 1396 1323 1444 eorum
1376 1386 1441 1443 ct
1472 1378 1788 1446 heredum
1842 1398 2142 1461 suorum,
2199 1385 2334 1445 tum
2369 1377 2787 1465 priuilegium
2840 1397 3018 1443 ema·

760 1484 903 1550 nari
928 1484 1152 1552 facere
1202 1490 1508 1553 tenentur
1558 1506 1757 1570 super
1789 1486 2295 1573 perpetuacionc
2335 1485 2497 1569 ipsis
2550 1487 2838 1570 quinque
2870 1504 3021 1570 por-

762 1588 1085 1675 cionibus,
1118 1589 1269 1677 filijs
1303 1590 1573 1661 Comitis
1623 1594 1825 1682 Bytcr
1857 1592 2274 1678 supradictis,
2306 1595 2550 1660 Datum
2584 1591 2875 1660 secundo
2911 1591 3023 1659 dic

762 1695 1230 1782 quindenarum
1254 1698 1485 1766 Sancti
1505 1701 1829 1769 Johannis
1852 1701 2155 1788 Baptistc
2188 1719 2359 1767 anno
2393 1698 2662 1768 Domini
2695 1700 2815 1765 M0.
2851 1699 3020 1770 00⁰.

761 1807 1188 1891 nonagesimo
1229 1827 1421 1873 nono.

979 2005 1191 2071 Jeqyzet.
1217 2001 1586 2076 Bo'rhartyan
1612 2003 1742 2059 kelt
1768 2004 1896 2060 zar-t
1919 2004 2090 2076 ῙΘνόΙ,
2117 2002 2353 2076 pecsdte
2383 2003 2587 2060 cltiint.
2617 2002 2895 2058 Hatirata
2917 2020 3022 2064 ez:

763 2107 866 2159 pro
893 2089 1028 2163 filijs
1055 2093 1274 2147 comitis
1312 2092 1511 2164 Byter,
1557 2100 1763 2150 contra
1789 2093 1936 2150 filios
1962 2095 2229 2166 Farkasij
2256 2100 2315 2150 ot
2338 2093 2489 2149 filios
2515 2093 2693 2149 Perse
2720 2110 2899 2164 super
2925 2110 3027 2147 no-

764 2195 901 2323 ιιθῐὲ
918 2181 1127 2237 marcis
1171 2199 1341 2254 super
1385 2186 1542 2240 terra
1567 2186 1763 2239 Tema.
1807 2183 1860 2238 A
1886 2181 2104 2239 kdkkfii
2141 2182 2548 2241 levdltarban:
2587 2186 2754 2238 Fasc.
2804 2181 2853 2234 1.
2884 2179 3024 2236 Nr0.

765 2272 814 2324 1.
898 2272 1013 2340 rdy.
1099 2286 1103 2290 '
