3416 5313
1315 394 1576 496 ΑΞ

1407 1041 1555 1107 123.

367 1246 497 1308 III.
522 1244 733 1306 Endre
752 1240 963 1325 kira'ly
981 1240 1243 1305 iktata'se'
1253 1250 1575 1326 param-sa
1599 1266 1635 1304 α
1663 1243 1988 1326 szeyaza'rd
2007 1242 2401 1326 konvemhez,
2441 1240 2595 1325 hoyy

517 1354 695 1415 Baas
711 1352 838 1434 fiai
873 1350 1364 1434 chnzm·aznak
1399 1348 1732 1413 birtolcdba
1771 1350 2224 1414 ilctatasaanak.
2263 1351 2460 1413 1298.

575 1549 877 1616 Andreas
913 1549 1035 1613 Dei
1067 1553 1291 1631 gracia
1323 1550 1459 1614 Rex
1496 1549 1833 1640 Hungarie
1856 1549 2158 1616 fidelibus
2201 1549 2336 1614 suis
2356 1546 2600 1614 Abbati

365 1665 429 1724 et
461 1656 825 1726 Conuentui
862 1656 1294 1724 Saxardiensi
1329 1660 1601 1726 salutem
1637 1669 1702 1726 et
1736 1659 2047 1746 graciam.
2083 1656 2442 1737 schamen,
2477 1657 2602 1721 Ro-

362 1763 605 1833 landus
634 1774 698 1832 et
730 1768 969 1832 Paulus
1005 1764 1118 1850 filij
1153 1766 1351 1850 naas,
1388 1767 1648 1835 nobiles
1682 1772 1765 1836 de
1798 1770 2122 1837 Comitatu
2144 1765 2478 1845 Tolnensi,
2514 1764 2598 1829 ad

362 1882 651 1944 nostram
684 1884 1099 1941 accesserunt
1128 1876 1558 1959 presenciam,
1595 1879 1927 1959 quandam
1953 1884 2192 1941 terram
2214 1874 2603 1957 Reginalem

367 1984 746 2072 Egenzaraz
777 1994 1079 2050 uocatam
1118 1987 1180 2049 in
1202 1985 1530 2051 Comitatu
1549 1986 1864 2053 'Polnensi
1899 1986 2283 2050 existentem
2323 1999 2602 2047 uacuam

366 2101 434 2159 et
463 2090 944 2159 habitatoribus
976 2092 1359 2160 destitutam
1384 2145 1398 2174 ,
1436 2102 1507 2161 ut
1542 2094 1884 2177 dixerunt,
1938 2116 1980 2159 a
2012 2092 2203 2158 nobis
2237 2092 2607 2176 petiuernnt

367 2200 495 2267 sibi
528 2201 693 2266 dari.
729 2201 813 2266 Et
844 2201 998 2283 quia
1049 2202 1238 2267 nobis
1274 2201 1356 2265 de
1408 2205 1555 2287 ipsa
1589 2211 1765 2269 terra
1805 2224 1932 2268 non
1970 2208 2248 2283 constat,
2307 2199 2608 2267 fidelitati

366 2316 587 2375 uestre
618 2308 1055 2395 precipientes
1103 2310 1535 2396 mandamus,
1588 2320 1918 2393 quatenus
1953 2311 2223 2377 mittatis
2278 2309 2604 2375 hominem

369 2423 657 2484 uestrum
691 2417 994 2485 idoneum
1026 2438 1143 2502 pro
1168 2418 1565 2501 testimonio,
1602 2438 1821 2486 coram
1844 2439 1972 2502 quo
2008 2422 2396 2503 Lampertus
2428 2416 2603 2483 filius

365 2528 557 2612 Moys
590 2527 671 2593 de
702 2525 886 2590 Duus
920 2525 1110 2592 homo
1146 2532 1368 2591 noster
1401 2526 1683 2595 accedat
1702 2546 1898 2611 super
1933 2526 2170 2593 faciem
2206 2524 2381 2593 dicte
2412 2532 2603 2605 terre,

369 2635 749 2703 conuocatis
786 2635 1232 2701 conmotaneis
1286 2645 1350 2701 et
1385 2635 1616 2702 uicinis
1649 2655 1767 2722 per
1801 2643 2056 2703 ueteres
2104 2642 2316 2704 metas
2350 2641 2417 2701 et
2448 2632 2611 2702 anti-

368 2764 534 2827 quas
564 2743 1042 2813 reambulando
1076 2750 1330 2846 statuat
1362 2744 1519 2830 filijs
1553 2744 1730 2809 Baas
1765 2745 2120 2812 antedictis
2143 2796 2160 2829 ‚
2217 2745 2274 2813 si
2308 2765 2436 2812 non
2469 2742 2607 2808 fue-

367 2852 455 2918 rit
487 2850 960 2916 contradictum
982 2899 999 2932 ,
1053 2851 1572 2918 contradictores
1606 2870 1765 2917 uero
1787 2900 1804 2928 ,
1838 2852 1896 2915 si
1927 2851 2036 2935 qui
2072 2850 2330 2932 fuerint,
2373 2850 2460 2915 ad
2494 2870 2605 2917 no-

367 2967 568 3028 stram
607 2961 763 3025 citet
812 2959 1226 3043 presenciam
1279 2961 1367 3026 ad
1400 2960 1745 3027 terminum
1796 2965 2292 3046 competentem.
2343 2960 2427 3025 Et
2459 2967 2609 3045 post

367 3068 491 3131 hec
523 3068 903 3151 qualitatem
939 3073 999 3133 et
1023 3068 1455 3148 quantitatem
1488 3067 1698 3153 ipsius
1722 3073 1912 3154 terre,
1950 3069 2215 3134 nomina
2247 3067 2609 3135 contradic-

369 3185 617 3259 torum,
653 3174 825 3242 diem
859 3175 1197 3244 citaeionis
1221 3225 1237 3257 ‚
1273 3183 1339 3241 et
1371 3177 1713 3242 terminum
1746 3178 1940 3243 nobis
1977 3176 2259 3245 fideliter
2291 3177 2609 3245 rescriba-

374 3286 480 3351 tis.
514 3285 756 3353 Datum
788 3281 968 3350 Bude
1006 3284 1069 3350 in
1104 3283 1275 3351 festo
1309 3284 1530 3352 Sancti
1563 3284 1766 3370 Regis
1801 3286 2137 3370 Stephani.

447 3480 524 3551 (A
550 3479 877 3550 szegszarfli
903 3481 1162 3538 konvent
1190 3496 1538 3556 ugyanazon
1559 3479 1652 3539 evi
1672 3481 2074 3552 jelentesebdl.
2102 3482 2263 3537 Szabd
2282 3477 2543 3554 Kdroly.)
