3416 5313
1789 370 1875 436 36

708 568 795 633 cti
828 568 1197 635 Saluatoris
1231 568 1313 635 de
1367 567 1652 635 Posonio
1687 567 1903 647 facta,
1959 564 2137 632 aliud
2183 586 2305 652 par
2337 585 2535 653 super
2591 567 2951 634 collacione

707 676 1042 743 cuiusdam
1075 683 1249 742 terre
1303 677 1601 743 similiter
1632 676 1916 741 Zelench
1967 681 2377 762 nuncupatc3
2432 682 2733 761 petentes
2766 697 2807 743 a
2841 695 2953 740 no-

708 790 846 852 stra
877 781 1226 849 Maiestate
1261 804 1405 851 cum
1439 783 1779 869 instancia,
1814 789 1885 849 vt
1905 781 2336 851 donacionem
2358 786 2443 850 de
2475 782 2791 868 predictis
2826 789 2953 848 ter-

705 893 817 979 ris,
851 892 981 977 ipsi
1016 892 1311 959 Ecclesie
1347 891 1575 959 Sancti
1625 891 1994 959 Saluatoris
2027 890 2273 958 factam
2294 945 2312 979 ,
2363 898 2577 959 ratam
2609 889 2856 958 habere
2889 897 2954 957 et

707 1001 939 1067 eadem
972 999 1323 1085 priuilegia
1380 1006 1603 1068 nostro
1658 1001 2081 1083 dignaremur
2138 999 2489 1086 priuilegio
2544 1000 2948 1066 confirmare.

707 1109 991 1189 Quorum
1027 1109 1290 1193 quidem
1321 1109 1822 1195 priuilegiorum
1857 1109 2049 1177 vnius
2079 1114 2266 1177 tenor
2298 1111 2453 1177 talis
2489 1115 2592 1175 est
2625 1133 2640 1174 :

919 1217 1267 1285 Ladizlaus
1300 1218 1424 1284 stb.
1477 1220 1652 1296 (Lasd
1684 1224 1851 1295 Fejer
1884 1224 2021 1280 Cod.
2073 1226 2229 1299 Dipl.
2262 1226 2332 1283 V.
2379 1227 2498 1281 kot.
2556 1226 2611 1280 2.
2646 1244 2689 1279 r.
2727 1224 2874 1279 521.
2911 1223 2951 1278 l.

706 1334 801 1388 hol
834 1334 1088 1389 azonban
1120 1334 1358 1389 hibasan
1388 1332 1593 1388 tetetik
1632 1334 1798 1388 1279
1835 1331 2008 1404 evre.)

920 1436 1081 1502 Item
1115 1436 1388 1502 alterius
1422 1435 1760 1519 priuilegij
1793 1435 2005 1501 forma
2037 1436 2188 1500 talis
2224 1441 2326 1502 est
2358 1459 2374 1499 ε

919 1544 1271 1611 Ladislaus
1322 1544 1450 1611 stb.
1505 1547 1683 1621 (Lasd
1729 1551 1921 1606 felebb
1972 1551 2442 1624 Okmanytarunk
2492 1550 2591 1606 IV.
2643 1545 2949 1604 kiiteteben

711 1658 857 1714 214.
892 1656 958 1726 1.)

923 1757 1116 1847 (N)os
1153 1761 1350 1846 igitur
1382 1762 1778 1846 peticionem
1829 1761 2146 1828 dictorum
2196 1758 2526 1845 Prepositi
2560 1766 2626 1825 et
2658 1756 2950 1842 Capituli
3057 1770 3063 1777 ‘

707 1869 1127 1937 Posoniensis
1182 1872 1685 1951 considerantes
1740 1872 1879 1939 fore
1926 1871 2285 1954 legitimam
2320 1875 2385 1935 et
2438 1877 2948 1935 consentaneam

706 1975 969 2059 racioni‚
1005 1984 1069 2043 et
1102 1997 1201 2065 ea,
1236 1997 1361 2061 que
1383 1997 1501 2062 per
1537 1980 1750 2065 ipsum
1787 1975 2121 2044 dominum
2144 1976 2524 2041 Ladislaum
2559 1975 2801 2055 Regem
2834 1993 2950 2059 pa-

707 2085 979 2150 truelem
1011 2093 1299 2155 nostrum
1325 2140 1342 2173 ‚
1394 2087 1631 2154 intuitu
1664 2086 1936 2172 pietatis
1969 2085 2223 2169 prefate
2263 2085 2562 2152 Ecclesie
2596 2082 2949 2148 Posonien·

706 2193 799 2259 sis
835 2192 991 2259 data
1024 2202 1090 2262 et
1124 2195 1364 2262 collata
1398 2195 1785 2278 extiterunt,
1838 2202 1988 2261 rata
2017 2192 2355 2279 habenteS‚
2390 2199 2454 2259 et
2486 2191 2946 2257 nichilominus

709 2297 878 2386 (igy)
912 2303 1392 2390 approbantes,
1445 2304 1752 2388 predicta
1785 2300 2136 2389 priuilegia
2186 2301 2269 2369 de
2303 2302 2507 2370 uerbo
2561 2303 2645 2367 ad
2679 2300 2946 2367 uerbum

706 2409 1122 2493 presentibus
1157 2408 1355 2477 inseri
1385 2409 1696 2477 faciendo
1719 2461 1736 2494 ‚
1791 2411 1872 2477 de
1911 2394 2311 2478 Prelatorum
2355 2419 2421 2478 et
2449 2411 2778 2476 Baronum
2828 2431 2946 2476 no-

707 2522 1025 2600 strorum,
1080 2518 1193 2599 qui
1243 2527 1585 2602 presentes
1636 2518 1952 2607 aderant,
2007 2519 2326 2606 consilio,
2379 2517 2677 2585 duximus
2721 2517 2947 2584 confir-

706 2625 987 2708 manda,
1024 2625 1154 2714 ita,
1191 2625 1360 2709 quod
1393 2648 1668 2713 presens
1699 2637 1924 2697 nostra
1959 2627 2353 2696 ratihabicio
2404 2635 2469 2697 et
2502 2625 2943 2714 confirmaciO,

704 2734 946 2818 prioris
1001 2736 1381 2803 donacionis
1433 2739 1867 2806 irreuocabile
1919 2746 1984 2806 et
2035 2746 2422 2823 perpetuum
2473 2736 2559 2804 sit
2591 2738 2942 2803 munimen.

705 2843 1017 2911 Volentes
1051 2852 1116 2911 et
1164 2845 1375 2914 edicto
1418 2847 1660 2935 RegiO,
1714 2855 2031 2935 perpetuo
2084 2845 2429 2933 duraturo,
2485 2846 2940 2931 concedentes,

704 2952 880 3033 quod
915 2961 1293 3036 prenotatas
1340 2961 1550 3021 terras
1571 3006 1589 3040 ‚
1643 2975 1788 3022 cum
1824 2975 2052 3023 earum
2085 2953 2476 3021 vtilitatibus
2497 3015 2502 3022 ,
2524 2960 2591 3019 et
2624 2955 2944 3038 pertinen-

703 3060 827 3144 cijs
861 3060 1202 3138 immersis,
1235 3063 1571 3130 memorati
1604 3064 1986 3148 Prepositus
2020 3068 2085 3128 et
2116 3060 2486 3148 Capitulum
2520 3059 2942 3127 Posoniensis

702 3169 998 3238 Ecclesie
1031 3179 1349 3256 perpetuo
1404 3172 1799 3258 possideant
1848 3171 2123 3255 pacifice
2157 3178 2220 3237 et
2252 3171 2487 3252 quiete.
2520 3169 2599 3233 In
2633 3171 2814 3236 euius
2844 3170 2940 3236 rei

700 3279 1077 3348 memoriam
1129 3288 1194 3348 et
1239 3289 1622 3366 perpetuam
1673 3281 2045 3348 firmitatem
2095 3285 2439 3364 presentes
2494 3278 2939 3346 concessimus

704 3386 954 3453 litteras
974 3439 992 3474 ‚
1047 3388 1326 3472 duplicis
1379 3389 1583 3472 sigilli
1632 3387 1844 3458 nostri
1893 3386 2254 3454 munimine
2288 3385 2643 3452 roboratas.
2695 3387 2938 3453 Datum

700 3516 818 3580 per
850 3517 1078 3564 manus
1111 3497 1516 3566 honorabilis
1550 3506 1614 3566 et
1647 3495 1915 3565 discreti
1947 3496 2072 3561 viri
2092 3495 2393 3580 magistri
2425 3493 2759 3562 Theodori
2788 3497 2939 3565 Pre-

700 3603 895 3689 positi
927 3603 1241 3673 Alliensis
1275 3605 1425 3675 aule
1458 3614 1675 3673 nostre
1708 3605 2304 3689 vice-Cancellarij
2331 3654 2349 3688 ,
2384 3603 2602 3672 dilecti
2634 3614 2700 3673 et
2729 3602 2939 3670 fidelis

699 3712 923 3796 nostri,
957 3732 1131 3779 anno
1158 3713 1422 3780 Domini
1451 3713 1552 3781 M⁰
1579 3712 1720 3779 00⁰
1753 3716 2183 3798 nonagesimo
2215 3712 2442 3799 primo,
2475 3712 2686 3799 Regni
2717 3719 2935 3781 autem

699 3820 904 3888 nostri
934 3842 1108 3889 anno
1140 3822 1451 3891 secundo.

696 4013 964 4089 (Hartya.
992 4016 1048 4072 A
1073 4015 1273 4089 pecset
1298 4018 1604 4075 vorosztild
1630 4017 1889 4091 selymen
1931 4015 2181 4090 fiiggiitt.
2208 4014 2785 4089 Pozsonykaptalani
2820 4037 2936 4076 ma·

1078 4107 1466 4182 ganlechtar‚
1496 4108 1694 4183 Capsa
1721 4109 1785 4168 Ο.
1810 4110 1979 4170 Fasc.
2007 4112 2059 4166 6.
2085 4107 2187 4168 Nr.
2214 4110 2305 4166 65.
2327 4107 2559 4180 Knauz.)

1606 4403 2067 4417 mm...
