3416 5313
1851 343 1978 411 184
2052 424 2059 429 ,

790 546 939 631 pnis
975 544 1182 612 eciam
1217 552 1280 612 et
1314 544 1571 630 iniurijs
1600 594 1613 625 ‚
1655 564 1782 629 que
1816 566 1934 629 pro
1967 543 2279 611 fidelitate
2306 544 2496 611 nobis
2531 544 2752 614 debita
2782 564 2897 630 per
2931 546 3026 613 in·

788 652 1008 720 fideles
1039 653 1251 736 Regni
1302 653 1505 720 nostri
1538 661 1635 722 est
1668 672 2042 738 perpessus,
2078 661 2143 719 et
2174 654 2553 739 specialiter
2588 673 2717 745 *per
2745 655 3029 739 Stepha-

786 782 937 827 num
971 763 1214 830 dictum
1267 762 1531 829 Thouth
1582 762 1971 829 seruientem
2022 762 2346 829 Johannis
2379 761 2498 847 filij
2546 761 2801 828 Herrici
2850 771 3027 846 tunc,

790 890 931 936 cum
987 878 1272 938 castrum
1304 870 1716 957 Symigiense
1750 871 2218 953 obsideremus,
2262 879 2360 938 est
2391 890 2765 955 perpessus,
2799 871 2862 936 in
2898 890 3033 952 qua

788 977 1044 1062 quidem
1078 979 1523 1044 destruccione
1547 978 1631 1042 ad
1667 979 1957 1043 ualorem
1983 978 2406 1043 ducentarum
2450 997 2809 1044 marearum
2843 977 3027 1043 dam·

788 1088 901 1170 pni
933 1094 1034 1152 est
1065 1105 1440 1170 perpessuS‚
1494 1094 1683 1171 prout
1733 1087 1798 1151 in
1830 1088 2063 1152 litteris
2096 1087 2381 1170 Capituli
2429 1086 2855 1153 Posoniensis
2892 1087 3025 1168 ple-

787 1196 934 1263 nius
967 1194 1246 1261 uidimus
1268 1194 1600 1261 contineri.
1624 1197 1696 1257 In
1719 1197 2404 1277 recompensacionem
2448 1195 2644 1282 igitur
2676 1202 2769 1258 tot
2801 1200 2864 1259 et
2885 1200 3027 1259 tan-

790 1312 1000 1368 torum
1032 1302 1452 1369 seruiciorum
1486 1309 1550 1368 et
1585 1302 2009 1385 dampnorum
2047 1304 2250 1388 ipsius
2285 1304 2552 1368 Comitis
2606 1304 2780 1369 Petri
2812 1302 3029 1386 predi-

792 1418 965 1478 ctam
993 1417 1229 1476 terram
1264 1412 1512 1497 Semky
1546 1412 1629 1477 ab
1664 1412 1961 1477 omnibus
1994 1411 2366 1477 reuocando
2400 1412 2483 1478 de
2512 1432 2680 1478 nouo
2732 1410 3032 1478 dedimus

794 1529 859 1586 et
891 1519 1279 1587 contulimus
1333 1516 1543 1584 eidem
1577 1519 1811 1586 Comiti
1867 1527 1931 1584 et
1965 1517 2133 1607 (igy)
2169 1522 2398 1604 Petro,
2455 1527 2517 1582 et
2550 1541 2665 1604 per
2715 1539 2859 1586 eum
2894 1519 3031 1583 suis

790 1626 1165 1711 heredibUS‚
1189 1627 1631 1710 heredumque
1654 1647 1915 1694 suorum
1949 1630 2451 1714 successoribus,
2490 1630 2629 1694 sine
2663 1628 3031 1712 preiudicio

790 1744 1010 1802 tamen
1043 1734 1201 1800 iuris
1236 1737 1475 1817 alieni,
1530 1737 1651 1802 sub
1685 1736 1933 1802 eisdem
1967 1737 2156 1802 metis
2192 1742 2254 1802 et
2286 1737 2604 1817 terminis,
2654 1737 2887 1817 quibus
2923 1756 3032 1803 ea-

792 1834 939 1912 dem
971 1853 1147 1912 terra
1167 1845 1415 1932 Semky
1435 1865 1551 1929 per
1584 1846 1764 1928 ipsos
1787 1856 2156 1913 castrenses
2182 1846 2465 1912 limitata
2486 1846 2694 1910 extitit
2715 1863 3032 1930 possessa

790 1955 968 2021 iuere
1002 1950 1172 2040 (igy)
1206 1962 1520 2040 perpetuo
1555 1962 1619 2021 et
1651 1954 2168 2022 irreuocabiliter
2198 1955 2687 2041 possidendam.
2737 1956 2812 2019 In
2847 1955 3031 2023 cuius

793 2063 888 2131 rei
919 2062 1295 2129 memoriam
1351 2062 1848 2144 firmitatemque
1898 2073 2279 2149 perpetuam
2329 2070 2666 2148 presentes
2707 2067 3032 2131 concessi-

793 2193 934 2238 mus
966 2172 1222 2237 litteras
1258 2171 1586 2256 dupplicis
1627 2173 1827 2254 sigilli
1865 2174 2072 2239 nostri
2105 2174 2456 2239 munimine
2495 2173 2858 2241 roboratas.
2898 2178 3032 2241 Da·

794 2290 930 2349 tum
963 2301 1080 2364 per
1121 2300 1349 2347 manus
1399 2282 1692 2367 religiosi
1728 2290 1794 2348 et
1827 2283 2091 2348 discreti
2123 2283 2247 2349 viri
2300 2281 2382 2347 de
2437 2282 2660 2348 ordine
2712 2284 3033 2349 Minorum

794 2409 875 2455 ac
906 2389 1302 2458 venerabilis
1335 2390 1540 2475 patris
1575 2392 1821 2457 domini
1855 2393 2112 2458 Annoni
2144 2392 2271 2458 Dei
2303 2392 2535 2477 gracia
2567 2391 2880 2478 Episcopi
2915 2395 3035 2460 Ec·

798 2500 997 2566 clesie
1041 2498 1521 2566 Chenadiensis
1572 2500 1721 2567 aule
1770 2505 1992 2567 nostre
2048 2499 2675 2585 Vice-Cancellarij‚
2711 2500 2937 2567 dilecti
2971 2512 3037 2569 et

795 2605 1007 2675 fidelis
1039 2608 1266 2688 nostri,
1320 2628 1488 2674 anno
1521 2608 1783 2677 Domini
1833 2611 1929 2677 M⁰
1981 2608 2120 2677 00⁰
2168 2609 2595 2693 nonagesimo
2632 2614 2884 2693 octau0,
2940 2627 3036 2677 se·

796 2715 1001 2801 ptimo
1033 2715 1357 2784 kalendas
1389 2718 1691 2803 Augusti,
1725 2720 1927 2801 Regni
1966 2725 2182 2784 autem
2213 2718 2416 2784 nostri
2452 2738 2624 2785 anno
2658 2739 2848 2785 none.

799 2910 1088 2982 (Hartyan
1115 2911 1455 2984 gyonyoriin
1501 2914 1645 2970 irva.
1673 2914 2038 2987 V6r6ssarga
2086 2915 2341 2984 selymen
2368 2934 2403 2971 a
2441 2912 2900 2985 peccettiiredek.
2929 2915 3035 2970 Ρο-

796 3001 1284 3073 zsonykaptalani
1330 3003 1603 3075 orszagos
1646 3002 1911 3060 leveltar.
1959 3005 2153 3075 Capsa
2178 3004 2250 3058 Χ.
2275 3005 2443 3061 Fasc.
2475 3005 2520 3059 1.
2552 3006 2685 3061 Nro.
2712 3006 2763 3059 2.
2802 3009 3034 3075 Knauz.)

1686 3312 2149 3326 w
