3416 5313
1443 414 1568 483 251

1444 1040 1602 1109 163.

394 1235 456 1301 Α
475 1238 783 1324 pozsonyi
811 1234 1254 1321 kdptalannak
1290 1235 1808 1323 bizonysdqlevele
1827 1290 1845 1324 ,
1897 1238 2055 1323 hoqy
2103 1237 2370 1303 Lc'irincz
2425 1238 2638 1324 Lipdt-

393 1347 523 1410 nak
552 1347 644 1425 fia
672 1347 734 1410 e's
768 1343 1095 1428 Cumpurd
1125 1341 1583 1429 Cumpurdnak
1597 1346 1703 1430 fia
1750 1345 2088 1410 Endrenek
2123 1345 2392 1432 Chuyud
2404 1343 2642 1431 fidnak

395 1455 486 1518 20
516 1452 736 1538 ekdnyi
764 1447 1182 1535 szdntdf’o'ldet
1213 1451 1876 1539 drdcmdvy'azdske'pen
1913 1453 2414 1539 adomcinyoztak
2446 1453 2641 1520 1300.

1196 1652 1276 1715 A.
1493 1602 1567 1714 B}
1785 1647 1856 1717 c.

613 1809 947 1878 Vniuersis
978 1808 1224 1878 Christi
1260 1805 1566 1877 fidelibus
1590 1817 1934 1894 presentes
1969 1811 2223 1879 litteras
2257 1813 2646 1897 inspecturis

401 1919 775 2004 Capitulum
824 1917 1121 1983 Ecclesie
1161 1917 1588 1984 Posoniensis
1642 1916 1985 1987 oraciones
2038 1920 2103 1986 in
2154 1920 2436 1987 Domino
2487 1922 2647 1986 «Iesu

400 2027 686 2097 Christo.
742 2025 849 2092 Ad
880 2024 1327 2093 vniuersorum
1381 2025 1695 2092 noticiam
1748 2033 1973 2095 tenore
2022 2030 2433 2114 presencium
2468 2028 2649 2096 volu·

399 2155 542 2203 mus
575 2134 940 2222 peruenire,
976 2131 1148 2216 quod
1173 2132 1524 2200 constititis
1545 2135 1983 2219 personaliter
2004 2156 2227 2206 coram
2264 2137 2455 2206 nobis
2481 2138 2648 2205 Lau·

397 2243 621 2311 rencio
651 2241 785 2308 filio
823 2238 1105 2324 Lipoldi,
1139 2248 1206 2305 et
1238 2237 1567 2323 Oumpurd
1599 2240 1735 2307 filio
1770 2240 2045 2309 Comitis
2088 2244 2488 2330 Chumpurdi
2509 2292 2528 2323 ,
2563 2244 2650 2311 ab

398 2372 533 2420 una
566 2357 779 2436 parte,
816 2354 878 2415 et
910 2346 1162 2415 Gemite
1195 2348 1462 2415 Andrea
1513 2348 1644 2414 filio
1697 2349 1973 2436 Ghugud
1994 2401 2013 2436 ,
2050 2353 2135 2418 ab
2176 2354 2428 2437 altera;
2475 2349 2648 2417 idem

400 2458 804 2527 Laurencius
838 2462 902 2525 et
935 2455 1267 2539 Gumpurd
1317 2457 1607 2524 confessi
1658 2465 1812 2525 sunt
1848 2457 2005 2526 uiua
2038 2479 2242 2542 uoce,
2298 2459 2474 2543 quod
2524 2457 2652 2542 ipsi

408 2567 643 2654 uiginti
679 2565 905 2650 iugera
941 2571 1258 2631 terrarum
1291 2566 1639 2631 arabilium
1673 2564 1756 2634 de
1789 2573 1968 2633 terra
2000 2567 2285 2655 Lipoldi,
2324 2588 2469 2634 cum
2505 2587 2650 2651 pra-

402 2679 513 2763 tis,
549 2675 998 2760 arundinibus,
1035 2681 1102 2740 et
1132 2673 1323 2758 aquis
1345 2674 1705 2741 Zeuleutou
1732 2676 2004 2762 uocatis,
2038 2676 2403 2761 dedissent,
2431 2684 2654 2745 contu·

399 2788 658 2870 lissent,
693 2789 760 2849 et
791 2781 1241 2864 tradidissent,
1277 2781 1580 2867 predicto
1602 2783 1841 2850 Comiti
1862 2784 2146 2868 Andree,
2180 2783 2248 2850 in
2281 2786 2452 2853 filios
2487 2787 2651 2853 filio-

401 2917 542 2963 rum
599 2900 917 2980 perpetuo
952 2890 1357 2977 possidenda
1378 2943 1396 2978 ,
1448 2912 1566 2978 pro
1603 2892 1908 2977 seruicijs
1943 2899 2005 2960 et
2040 2892 2357 2962 effusione
2391 2894 2654 2980 sangui-

402 3004 507 3069 nis
541 3001 836 3068 eiusdem
870 3000 1135 3067 Andree
1170 2997 1367 3067 factis
1400 3019 1519 3085 pro
1552 3000 1722 3084 ipsis
1755 2999 2145 3086 Laurencio,
2179 3010 2245 3069 et
2277 3002 2651 3087 Oumpurd3

407 3112 774 3201 obligando
808 3132 901 3195 se,
936 3110 1113 3194 quod
1133 3108 1497 3194 quicunque
1516 3129 1836 3197 processu
1858 3116 2221 3195 temporum
2256 3113 2474 3196 ipsum
2510 3106 2649 3181 An-

403 3224 627 3291 dream
662 3227 775 3286 aut
809 3237 996 3284 suam
1029 3216 1527 3302 posteritatem,
1579 3215 1847 3285 racione
1885 3215 2179 3302 predicte
2231 3225 2403 3286 terre
2452 3221 2653 3286 uellet

402 3331 719 3416 inpetere,
754 3327 864 3395 uel
896 3344 1163 3410 nexare,
1198 3343 1281 3392 ex
1311 3332 1470 3393 tunc
1501 3323 1711 3412 ijdem
1745 3326 2146 3394 Laurencius
2173 3377 2193 3412 ,
2228 3333 2294 3394 et
2326 3326 2656 3412 Gumpurd

407 3440 783 3507 tenerentur
814 3452 929 3500 eos
983 3432 1298 3520 expedire
1328 3433 1616 3520 proprijs
1650 3434 1787 3502 suis
1838 3433 2174 3502 laboribus
2222 3442 2288 3503 et
2320 3436 2653 3524 expensis.

403 3549 581 3613 Mete
612 3549 837 3612 autem
870 3540 1077 3627 ipsius
1112 3546 1308 3626 terre,
1358 3540 1529 3608 sicut
1561 3542 1755 3610 nobis
1788 3539 2126 3628 dixerunt,
2179 3542 2278 3609 sic
2310 3544 2658 3629 distingui·

407 3658 529 3738 tur,
565 3650 738 3737 quod
770 3650 1097 3736 incipiens
1130 3671 1172 3718 a
1204 3655 1386 3718 terra
1434 3649 1588 3717 uille
1621 3649 1849 3717 Luche
1869 3700 1889 3734 ,
1922 3670 1965 3716 a
1994 3657 2184 3734 parte
2215 3648 2657 3733 meridionali,

406 3759 593 3830 uadit
624 3759 851 3844 Lipolt
881 3755 1168 3822 Crektoa
1199 3762 1504 3825 uocatam
1555 3775 1600 3823 a
1631 3755 1762 3821 fine
1794 3752 2128 3839 inferiori,
2184 3760 2252 3823 et
2282 3753 2439 3823 inde
2468 3756 2658 3825 uadit

409 3865 710 3955 superius
743 3864 831 3933 ad
861 3864 1123 3931 domum
1156 3862 1282 3931 Kiz
1303 3911 1323 3942 ,
1374 3868 1440 3929 et
1471 3860 1562 3929 ibi
1596 3867 1697 3928 est
1729 3860 1926 3930 uallis
1959 3867 2027 3928 et
2057 3862 2157 3930 sic
2207 3862 2658 3932 terminantur.

405 3983 485 4047 In
518 3974 703 4044 cuius
734 3973 832 4043 rei
866 3972 1247 4041 memoriam
1280 3978 1346 4040 et
1393 3978 1782 4058 perpetuam
1813 3971 2185 4039 firmitatem
2235 3972 2324 4040 ad
2374 3971 2656 4056 peticio-

409 4105 560 4154 nem
592 4081 933 4166 utriusque
965 4079 1175 4164 partis
1225 4085 1568 4165 presentes
1598 4084 1863 4146 nostras
1913 4079 2364 4148 concessimus
2397 4080 2659 4147 litteras

408 4189 614 4276 sigilli
644 4189 852 4257 nostri
902 4185 1268 4255 munimine
1320 4187 1687 4255 roboratas.
1736 4188 1980 4255 Datum
2028 4186 2096 4252 in
2147 4187 2401 4256 octauis
2432 4188 2660 4272 Pasce,

408 4318 581 4367 anno
611 4295 880 4365 Domini
909 4298 997 4363 M.
1039 4294 1219 4363 CCC.

409 4509 678 4583 (Hartya.
716 4511 773 4565 A
810 4506 942 4582 meg
979 4507 1050 4582 ep
1088 4505 1290 4579 pecset
1324 4503 1493 4563 feher
1532 4504 1856 4563 viola-zinii
1892 4509 2155 4566 selnmen
2191 4509 2312 4584 stig.
2369 4510 2655 4583 Pozsony-

480 4598 788 4672 kaptalani
815 4599 1088 4672 orszagos
1111 4596 1379 4656 leveltar.
1401 4596 1597 4668 Capsa
1613 4596 1771 4656 XIV.
1790 4597 1960 4658 Fasc.
1988 4602 2076 4658 11.
2101 4602 2238 4660 Nro.
2258 4603 2311 4658 5.
2341 4603 2584 4666 Knauz.)
