<?xml version="1.0" encoding="UTF-8"?>
<!DOCTYPE html PUBLIC "-//W3C//DTD XHTML 1.0 Transitional//EN"
    "http://www.w3.org/TR/xhtml1/DTD/xhtml1-transitional.dtd">
<html xmlns="http://www.w3.org/1999/xhtml" xml:lang="en" lang="en">
 <head>
  <title>
</title>
<meta http-equiv="Content-Type" content="text/html;charset=utf-8" />
  <meta name='ocr-system' content='tesseract 3.04.00' />
  <meta name='ocr-capabilities' content='ocr_page ocr_carea ocr_par ocr_line ocrx_word'/>
</head>
<body>
  <div class='ocr_page' id='page_1' title='image "./rpdkorijokmnytr01wenzgoog_0075.png"; bbox 0 0 3416 5313; ppageno 0'>
   <div class='ocr_carea' id='block_1_1' title="bbox 1384 438 1474 507">
    <p class='ocr_par' dir='ltr' id='par_1_1' title="bbox 1384 438 1474 507">
     <span class='ocr_line' id='line_1_1' title="bbox 1384 438 1474 507; baseline 0 0"><span class='ocrx_word' id='word_1_1' title='bbox 1384 438 1474 507; x_wconf 82' lang='lat'><strong>43</strong></span> 
     </span>
    </p>
   </div>
   <div class='ocr_carea' id='block_1_2' title="bbox 1265 530 1585 545">
    <p class='ocr_par' dir='ltr' id='par_1_2' title="bbox 1265 530 1585 545">
     <span class='ocr_line' id='line_1_2' title="bbox 1265 530 1585 545; baseline 0 4768"><span class='ocrx_word' id='word_1_2' title='bbox 1265 530 1585 545; x_wconf 95' lang='lat' dir='ltr'><strong> </strong></span> 
     </span>
    </p>
   </div>
   <div class='ocr_carea' id='block_1_3' title="bbox 254 629 2610 4865">
    <p class='ocr_par' dir='ltr' id='par_1_3' title="bbox 254 629 2610 4865">
     <span class='ocr_line' id='line_1_3' title="bbox 300 629 2542 730; baseline 0.007 -33"><span class='ocrx_word' id='word_1_3' title='bbox 300 629 542 698; x_wconf 89' lang='lat' dir='ltr'><strong>nubem</strong></span> <span class='ocrx_word' id='word_1_4' title='bbox 577 634 816 701; x_wconf 89' lang='lat' dir='ltr'><strong>erroris</strong></span> <span class='ocrx_word' id='word_1_5' title='bbox 850 636 1160 720; x_wconf 78' lang='lat' dir='ltr'><strong>eliminat,</strong></span> <span class='ocrx_word' id='word_1_6' title='bbox 1194 638 1538 707; x_wconf 88' lang='lat' dir='ltr'><strong>commoda</strong></span> <span class='ocrx_word' id='word_1_7' title='bbox 1570 641 1805 711; x_wconf 82' lang='lat' dir='ltr'><strong>salutis</strong></span> <span class='ocrx_word' id='word_1_8' title='bbox 1838 644 2178 730; x_wconf 81' lang='lat' dir='ltr'><strong>impendit,</strong></span> <span class='ocrx_word' id='word_1_9' title='bbox 2215 654 2281 715; x_wconf 89' lang='lat' dir='ltr'><strong>et</strong></span> <span class='ocrx_word' id='word_1_10' title='bbox 2314 654 2542 717; x_wconf 89' lang='lat' dir='ltr'><strong>eterne</strong></span> 
     </span>
     <span class='ocr_line' id='line_1_4' title="bbox 296 740 2544 841; baseline 0.006 -34"><span class='ocrx_word' id='word_1_11' title='bbox 296 740 433 807; x_wconf 81' lang='lat' dir='ltr'><strong>vite</strong></span> <span class='ocrx_word' id='word_1_12' title='bbox 470 743 720 828; x_wconf 86' lang='lat' dir='ltr'><strong>gaudia</strong></span> <span class='ocrx_word' id='word_1_13' title='bbox 750 743 883 811; x_wconf 90' lang='lat' dir='ltr'><strong>suis</strong></span> <span class='ocrx_word' id='word_1_14' title='bbox 905 749 1335 816; x_wconf 78' lang='lat' dir='ltr'><strong>sectatoribus</strong></span> <span class='ocrx_word' id='word_1_15' title='bbox 1371 753 1791 835; x_wconf 85' lang='lat' dir='ltr'><strong>repromittit.</strong></span> <span class='ocrx_word' id='word_1_16' title='bbox 1825 755 1963 819; x_wconf 91' lang='lat' dir='ltr'><strong>Hec</strong></span> <span class='ocrx_word' id='word_1_17' title='bbox 1987 753 2229 841; x_wconf 90' lang='lat' dir='ltr'><strong>quippe</strong></span> <span class='ocrx_word' id='word_1_18' title='bbox 2265 756 2422 822; x_wconf 88' lang='lat' dir='ltr'><strong>alibi</strong></span> <span class='ocrx_word' id='word_1_19' title='bbox 2456 753 2544 823; x_wconf 87' lang='lat' dir='ltr'><strong>ad</strong></span> 
     </span>
     <span class='ocr_line' id='line_1_5' title="bbox 297 842 2542 948; baseline 0.007 -34"><span class='ocrx_word' id='word_1_20' title='bbox 297 850 584 918; x_wconf 84' lang='lat' dir='ltr'><strong>salutem</strong></span> <span class='ocrx_word' id='word_1_21' title='bbox 616 853 844 920; x_wconf 90' lang='lat' dir='ltr'><strong>haberi</strong></span> <span class='ocrx_word' id='word_1_22' title='bbox 876 875 1003 922; x_wconf 95' lang='lat' dir='ltr'><strong>non</strong></span> <span class='ocrx_word' id='word_1_23' title='bbox 1040 842 1293 941; x_wconf 84' lang='lat' dir='ltr'><strong>potest,</strong></span> <span class='ocrx_word' id='word_1_24' title='bbox 1349 878 1540 941; x_wconf 91' lang='lat' dir='ltr'><strong>quam</strong></span> <span class='ocrx_word' id='word_1_25' title='bbox 1582 862 1651 928; x_wconf 92' lang='lat' dir='ltr'><strong>in</strong></span> <span class='ocrx_word' id='word_1_26' title='bbox 1683 864 2133 930; x_wconf 88' lang='lat' dir='ltr'><strong>communione</strong></span> <span class='ocrx_word' id='word_1_27' title='bbox 2181 864 2392 948; x_wconf 90' lang='lat' dir='ltr'><strong>ipsius</strong></span> <span class='ocrx_word' id='word_1_28' title='bbox 2424 863 2542 930; x_wconf 88' lang='lat' dir='ltr'><strong>Sa-</strong></span> 
     </span>
     <span class='ocr_line' id='line_1_6' title="bbox 297 963 2542 1055; baseline 0.008 -34"><span class='ocrx_word' id='word_1_29' title='bbox 297 968 649 1029; x_wconf 88' lang='lat' dir='ltr'><strong>crosancte</strong></span> <span class='ocrx_word' id='word_1_30' title='bbox 681 963 978 1033; x_wconf 85' lang='lat' dir='ltr'><strong>Romane</strong></span> <span class='ocrx_word' id='word_1_31' title='bbox 1012 967 1313 1032; x_wconf 87' lang='lat' dir='ltr'><strong>Ecclesie</strong></span> <span class='ocrx_word' id='word_1_32' title='bbox 1333 1018 1350 1051; x_wconf 90' lang='lat'><strong>,</strong></span> <span class='ocrx_word' id='word_1_33' title='bbox 1385 988 1511 1051; x_wconf 88' lang='lat' dir='ltr'><strong>que</strong></span> <span class='ocrx_word' id='word_1_34' title='bbox 1545 967 1807 1036; x_wconf 80' lang='lat' dir='ltr'><strong>Divinis</strong></span> <span class='ocrx_word' id='word_1_35' title='bbox 1840 976 1906 1035; x_wconf 88' lang='lat' dir='ltr'><strong>et</strong></span> <span class='ocrx_word' id='word_1_36' title='bbox 1954 971 2353 1055; x_wconf 89' lang='lat' dir='ltr'><strong>Apostolicis</strong></span> <span class='ocrx_word' id='word_1_37' title='bbox 2387 993 2542 1039; x_wconf 89' lang='lat' dir='ltr'><strong>ora-</strong></span> 
     </span>
     <span class='ocr_line' id='line_1_7' title="bbox 294 1069 2540 1164; baseline 0.005 -31"><span class='ocrx_word' id='word_1_38' title='bbox 294 1069 465 1134; x_wconf 81' lang='lat' dir='ltr'><strong>culis</strong></span> <span class='ocrx_word' id='word_1_39' title='bbox 500 1071 824 1138; x_wconf 83' lang='lat' dir='ltr'><strong>universis</strong></span> <span class='ocrx_word' id='word_1_40' title='bbox 856 1072 1176 1143; x_wconf 89' lang='lat' dir='ltr'><strong>Ecclesiis</strong></span> <span class='ocrx_word' id='word_1_41' title='bbox 1199 1083 1302 1143; x_wconf 91' lang='lat' dir='ltr'><strong>est</strong></span> <span class='ocrx_word' id='word_1_42' title='bbox 1332 1079 1610 1160; x_wconf 88' lang='lat' dir='ltr'><strong>prelata,</strong></span> <span class='ocrx_word' id='word_1_43' title='bbox 1646 1085 1711 1143; x_wconf 91' lang='lat' dir='ltr'><strong>et</strong></span> <span class='ocrx_word' id='word_1_44' title='bbox 1735 1097 1932 1164; x_wconf 91' lang='lat' dir='ltr'><strong>super</strong></span> <span class='ocrx_word' id='word_1_45' title='bbox 1964 1099 2191 1146; x_wconf 90' lang='lat' dir='ltr'><strong>omnes</strong></span> <span class='ocrx_word' id='word_1_46' title='bbox 2224 1101 2540 1148; x_wconf 90' lang='lat' dir='ltr'><strong>summum</strong></span> 
     </span>
     <span class='ocr_line' id='line_1_8' title="bbox 293 1180 2541 1274; baseline 0.007 -31"><span class='ocrx_word' id='word_1_47' title='bbox 293 1186 361 1244; x_wconf 90' lang='lat' dir='ltr'><strong>et</strong></span> <span class='ocrx_word' id='word_1_48' title='bbox 391 1180 779 1265; x_wconf 87' lang='lat' dir='ltr'><strong>precipuum</strong></span> <span class='ocrx_word' id='word_1_49' title='bbox 812 1180 1063 1267; x_wconf 89' lang='lat' dir='ltr'><strong>optinet</strong></span> <span class='ocrx_word' id='word_1_50' title='bbox 1091 1188 1554 1271; x_wconf 77' lang='lat' dir='ltr'><strong>principatum.</strong></span> <span class='ocrx_word' id='word_1_51' title='bbox 1607 1187 1782 1265; x_wconf 86' lang='lat' dir='ltr'><strong>Quia</strong></span> <span class='ocrx_word' id='word_1_52' title='bbox 1813 1208 1968 1255; x_wconf 83' lang='lat' dir='ltr'><strong>vero</strong></span> <span class='ocrx_word' id='word_1_53' title='bbox 2003 1208 2107 1274; x_wconf 88' lang='lat' dir='ltr'><strong>ea,</strong></span> <span class='ocrx_word' id='word_1_54' title='bbox 2142 1209 2268 1274; x_wconf 91' lang='lat' dir='ltr'><strong>que</strong></span> <span class='ocrx_word' id='word_1_55' title='bbox 2308 1193 2541 1258; x_wconf 86' lang='lat' dir='ltr'><strong>salutis</strong></span> 
     </span>
     <span class='ocr_line' id='line_1_9' title="bbox 291 1291 2539 1385; baseline 0.006 -33"><span class='ocrx_word' id='word_1_56' title='bbox 291 1294 403 1353; x_wconf 91' lang='lat' dir='ltr'><strong>tue</strong></span> <span class='ocrx_word' id='word_1_57' title='bbox 441 1310 522 1355; x_wconf 90' lang='lat' dir='ltr'><strong>ac</strong></span> <span class='ocrx_word' id='word_1_58' title='bbox 554 1291 804 1374; x_wconf 88' lang='lat' dir='ltr'><strong>populi,</strong></span> <span class='ocrx_word' id='word_1_59' title='bbox 842 1291 944 1358; x_wconf 89' lang='lat' dir='ltr'><strong>cui</strong></span> <span class='ocrx_word' id='word_1_60' title='bbox 976 1313 1170 1379; x_wconf 88' lang='lat' dir='ltr'><strong>prees</strong></span> <span class='ocrx_word' id='word_1_61' title='bbox 1192 1342 1209 1372; x_wconf 85' lang='lat'><em>‚</em></span> <span class='ocrx_word' id='word_1_62' title='bbox 1263 1295 1740 1364; x_wconf 89' lang='lat' dir='ltr'><strong>incrementum</strong></span> <span class='ocrx_word' id='word_1_63' title='bbox 1772 1298 2175 1385; x_wconf 88' lang='lat' dir='ltr'><strong>respiciunt,</strong></span> <span class='ocrx_word' id='word_1_64' title='bbox 2210 1299 2388 1367; x_wconf 91' lang='lat' dir='ltr'><strong>notis</strong></span> <span class='ocrx_word' id='word_1_65' title='bbox 2421 1298 2539 1365; x_wconf 91' lang='lat' dir='ltr'><strong>de-</strong></span> 
     </span>
     <span class='ocr_line' id='line_1_10' title="bbox 292 1394 2540 1493; baseline 0.006 -35"><span class='ocrx_word' id='word_1_66' title='bbox 292 1394 566 1462; x_wconf 82' lang='lat' dir='ltr'><strong>sideriis</strong></span> <span class='ocrx_word' id='word_1_67' title='bbox 600 1398 1024 1485; x_wconf 87' lang='lat' dir='ltr'><strong>affectamus,</strong></span> <span class='ocrx_word' id='word_1_68' title='bbox 1077 1404 1553 1472; x_wconf 85' lang='lat' dir='ltr'><strong>fraternitatem</strong></span> <span class='ocrx_word' id='word_1_69' title='bbox 1590 1414 1772 1473; x_wconf 88' lang='lat' dir='ltr'><strong>tuam</strong></span> <span class='ocrx_word' id='word_1_70' title='bbox 1822 1407 2188 1493; x_wconf 82' lang='lat' dir='ltr'><strong>rogandam</strong></span> <span class='ocrx_word' id='word_1_71' title='bbox 2241 1407 2540 1474; x_wconf 90' lang='lat' dir='ltr'><strong>duximus</strong></span> 
     </span>
     <span class='ocr_line' id='line_1_11' title="bbox 291 1504 2541 1600; baseline 0.006 -31"><span class='ocrx_word' id='word_1_72' title='bbox 291 1510 355 1569; x_wconf 89' lang='lat' dir='ltr'><strong>et</strong></span> <span class='ocrx_word' id='word_1_73' title='bbox 389 1504 463 1571; x_wconf 90' lang='lat' dir='ltr'><strong>in</strong></span> <span class='ocrx_word' id='word_1_74' title='bbox 497 1504 742 1572; x_wconf 84' lang='lat' dir='ltr'><strong>Christi</strong></span> <span class='ocrx_word' id='word_1_75' title='bbox 774 1509 1134 1578; x_wconf 83' lang='lat' dir='ltr'><strong>visceribus</strong></span> <span class='ocrx_word' id='word_1_76' title='bbox 1187 1512 1685 1600; x_wconf 86' lang='lat' dir='ltr'><strong>exhortandam,</strong></span> <span class='ocrx_word' id='word_1_77' title='bbox 1739 1526 2060 1598; x_wconf 88' lang='lat' dir='ltr'><strong>quatenus</strong></span> <span class='ocrx_word' id='word_1_78' title='bbox 2094 1514 2288 1582; x_wconf 88' lang='lat' dir='ltr'><strong>fidem</strong></span> <span class='ocrx_word' id='word_1_79' title='bbox 2319 1516 2541 1584; x_wconf 90' lang='lat' dir='ltr'><strong>huius·</strong></span> 
     </span>
     <span class='ocr_line' id='line_1_12' title="bbox 289 1614 2542 1704; baseline 0.005 -27"><span class='ocrx_word' id='word_1_80' title='bbox 289 1614 499 1701; x_wconf 83' lang='lat' dir='ltr'><strong>modi,</strong></span> <span class='ocrx_word' id='word_1_81' title='bbox 538 1635 771 1703; x_wconf 87' lang='lat' dir='ltr'><strong>quam,</strong></span> <span class='ocrx_word' id='word_1_82' title='bbox 831 1620 1001 1687; x_wconf 92' lang='lat' dir='ltr'><strong>sicut</strong></span> <span class='ocrx_word' id='word_1_83' title='bbox 1032 1619 1484 1704; x_wconf 91' lang='lat' dir='ltr'><strong>premissimus</strong></span> <span class='ocrx_word' id='word_1_84' title='bbox 1509 1672 1525 1702; x_wconf 94' lang='lat'><strong>,</strong></span> <span class='ocrx_word' id='word_1_85' title='bbox 1579 1621 1877 1689; x_wconf 87' lang='lat' dir='ltr'><strong>Romana</strong></span> <span class='ocrx_word' id='word_1_86' title='bbox 1929 1629 2110 1690; x_wconf 89' lang='lat' dir='ltr'><strong>tenet</strong></span> <span class='ocrx_word' id='word_1_87' title='bbox 2140 1623 2446 1689; x_wconf 88' lang='lat' dir='ltr'><strong>Ecclesia</strong></span> <span class='ocrx_word' id='word_1_88' title='bbox 2476 1629 2542 1689; x_wconf 90' lang='lat' dir='ltr'><strong>et</strong></span> 
     </span>
     <span class='ocr_line' id='line_1_13' title="bbox 288 1724 2540 1819; baseline 0.003 -28"><span class='ocrx_word' id='word_1_89' title='bbox 288 1724 647 1803; x_wconf 82' lang='lat' dir='ltr'><strong>observat,</strong></span> <span class='ocrx_word' id='word_1_90' title='bbox 702 1726 1098 1799; x_wconf 76' lang='lat' dir='ltr'><strong>inconcusse</strong></span> <span class='ocrx_word' id='word_1_91' title='bbox 1151 1729 1450 1816; x_wconf 89' lang='lat' dir='ltr'><strong>predices</strong></span> <span class='ocrx_word' id='word_1_92' title='bbox 1504 1739 1572 1797; x_wconf 89' lang='lat' dir='ltr'><strong>et</strong></span> <span class='ocrx_word' id='word_1_93' title='bbox 1626 1738 1899 1817; x_wconf 81' lang='lat' dir='ltr'><strong>teneas,</strong></span> <span class='ocrx_word' id='word_1_94' title='bbox 1956 1732 2168 1816; x_wconf 91' lang='lat' dir='ltr'><strong>ipsam</strong></span> <span class='ocrx_word' id='word_1_95' title='bbox 2225 1733 2540 1819; x_wconf 90' lang='lat' dir='ltr'><strong>promptis</strong></span> 
     </span>
     <span class='ocr_line' id='line_1_14' title="bbox 286 1833 2540 1923; baseline 0.002 -22"><span class='ocrx_word' id='word_1_96' title='bbox 286 1833 640 1901; x_wconf 87' lang='lat' dir='ltr'><strong>affectibus</strong></span> <span class='ocrx_word' id='word_1_97' title='bbox 673 1839 981 1920; x_wconf 85' lang='lat' dir='ltr'><strong>amplecti</strong></span> <span class='ocrx_word' id='word_1_98' title='bbox 1017 1838 1328 1917; x_wconf 89' lang='lat' dir='ltr'><strong>studeas,</strong></span> <span class='ocrx_word' id='word_1_99' title='bbox 1366 1848 1432 1906; x_wconf 90' lang='lat' dir='ltr'><strong>et</strong></span> <span class='ocrx_word' id='word_1_100' title='bbox 1461 1839 1880 1922; x_wconf 84' lang='lat' dir='ltr'><strong>Magnificum</strong></span> <span class='ocrx_word' id='word_1_101' title='bbox 1912 1840 2302 1923; x_wconf 88' lang='lat' dir='ltr'><strong>Principem,</strong></span> <span class='ocrx_word' id='word_1_102' title='bbox 2336 1841 2540 1906; x_wconf 84' lang='lat' dir='ltr'><strong>Geor-</strong></span> 
     </span>
     <span class='ocr_line' id='line_1_15' title="bbox 254 1943 2538 2035; baseline 0.004 -29"><span class='ocrx_word' id='word_1_103' title='bbox 254 2024 261 2029; x_wconf 25' lang='lat'><strong>,</strong></span> <span class='ocrx_word' id='word_1_104' title='bbox 288 1943 472 2027; x_wconf 83' lang='lat' dir='ltr'><strong>gium</strong></span> <span class='ocrx_word' id='word_1_105' title='bbox 506 1946 981 2030; x_wconf 87' lang='lat' dir='ltr'><strong>Imperatorem</strong></span> <span class='ocrx_word' id='word_1_106' title='bbox 1012 1950 1440 2034; x_wconf 88' lang='lat' dir='ltr'><strong>Bulgarorum</strong></span> <span class='ocrx_word' id='word_1_107' title='bbox 1472 1949 1803 2014; x_wconf 85' lang='lat' dir='ltr'><strong>Illustrem</strong></span> <span class='ocrx_word' id='word_1_108' title='bbox 1824 1999 1842 2033; x_wconf 91' lang='lat'><strong>,</strong></span> <span class='ocrx_word' id='word_1_109' title='bbox 1897 1948 2001 2013; x_wconf 88' lang='lat' dir='ltr'><strong>cui</strong></span> <span class='ocrx_word' id='word_1_110' title='bbox 2036 1968 2232 2035; x_wconf 78' lang='lat' dir='ltr'><strong>super</strong></span> <span class='ocrx_word' id='word_1_111' title='bbox 2279 1947 2402 2015; x_wconf 92' lang='lat' dir='ltr'><strong>hoc</strong></span> <span class='ocrx_word' id='word_1_112' title='bbox 2436 1970 2538 2015; x_wconf 88' lang='lat' dir='ltr'><strong>sa-</strong></span> 
     </span>
     <span class='ocr_line' id='line_1_16' title="bbox 282 2052 2534 2140; baseline 0.003 -25"><span class='ocrx_word' id='word_1_113' title='bbox 282 2052 494 2117; x_wconf 91' lang='lat' dir='ltr'><strong>lutem</strong></span> <span class='ocrx_word' id='word_1_114' title='bbox 529 2053 827 2120; x_wconf 87' lang='lat' dir='ltr'><strong>zelantes</strong></span> <span class='ocrx_word' id='word_1_115' title='bbox 860 2056 1071 2139; x_wconf 89' lang='lat' dir='ltr'><strong>ipsius</strong></span> <span class='ocrx_word' id='word_1_116' title='bbox 1103 2062 1359 2124; x_wconf 88' lang='lat' dir='ltr'><strong>nostras</strong></span> <span class='ocrx_word' id='word_1_117' title='bbox 1395 2057 1873 2123; x_wconf 89' lang='lat' dir='ltr'><strong>exhortatorias</strong></span> <span class='ocrx_word' id='word_1_118' title='bbox 1907 2056 2340 2140; x_wconf 90' lang='lat' dir='ltr'><strong>destinamus,</strong></span> <span class='ocrx_word' id='word_1_119' title='bbox 2390 2077 2534 2124; x_wconf 88' lang='lat' dir='ltr'><strong>nec·</strong></span> 
     </span>
     <span class='ocr_line' id='line_1_17' title="bbox 280 2164 2532 2251; baseline 0.003 -27"><span class='ocrx_word' id='word_1_120' title='bbox 280 2181 414 2225; x_wconf 89' lang='lat' dir='ltr'><strong>non</strong></span> <span class='ocrx_word' id='word_1_121' title='bbox 453 2170 517 2228; x_wconf 90' lang='lat' dir='ltr'><strong>et</strong></span> <span class='ocrx_word' id='word_1_122' title='bbox 549 2166 827 2246; x_wconf 85' lang='lat' dir='ltr'><strong>populos</strong></span> <span class='ocrx_word' id='word_1_123' title='bbox 860 2170 974 2229; x_wconf 88' lang='lat' dir='ltr'><strong>tue</strong></span> <span class='ocrx_word' id='word_1_124' title='bbox 1006 2185 1086 2229; x_wconf 84' lang='lat' dir='ltr'><strong>ac</strong></span> <span class='ocrx_word' id='word_1_125' title='bbox 1107 2165 1317 2251; x_wconf 90' lang='lat' dir='ltr'><strong>ipsius</strong></span> <span class='ocrx_word' id='word_1_126' title='bbox 1353 2166 1585 2231; x_wconf 89' lang='lat' dir='ltr'><strong>ditioni</strong></span> <span class='ocrx_word' id='word_1_127' title='bbox 1608 2164 1932 2251; x_wconf 74' lang='lat' dir='ltr'><strong>subditos,</strong></span> <span class='ocrx_word' id='word_1_128' title='bbox 1960 2165 2045 2231; x_wconf 89' lang='lat' dir='ltr'><strong>ad</strong></span> <span class='ocrx_word' id='word_1_129' title='bbox 2074 2166 2265 2232; x_wconf 90' lang='lat' dir='ltr'><strong>fidem</strong></span> <span class='ocrx_word' id='word_1_130' title='bbox 2305 2176 2532 2233; x_wconf 89' lang='lat' dir='ltr'><strong>tenen-</strong></span> 
     </span>
     <span class='ocr_line' id='line_1_18' title="bbox 288 2268 2538 2360; baseline 0.003 -26"><span class='ocrx_word' id='word_1_131' title='bbox 288 2268 444 2334; x_wconf 88' lang='lat' dir='ltr'><strong>dam</strong></span> <span class='ocrx_word' id='word_1_132' title='bbox 481 2272 768 2359; x_wconf 30' lang='lat' dir='ltr'><strong>eandem,</strong></span> <span class='ocrx_word' id='word_1_133' title='bbox 815 2271 1171 2341; x_wconf 84' lang='lat' dir='ltr'><strong>efficaciter</strong></span> <span class='ocrx_word' id='word_1_134' title='bbox 1205 2273 1458 2360; x_wconf 84' lang='lat' dir='ltr'><strong>dirigas</strong></span> <span class='ocrx_word' id='word_1_135' title='bbox 1513 2281 1576 2338; x_wconf 88' lang='lat' dir='ltr'><strong>et</strong></span> <span class='ocrx_word' id='word_1_136' title='bbox 1610 2271 1908 2340; x_wconf 88' lang='lat' dir='ltr'><strong>inducas.</strong></span> <span class='ocrx_word' id='word_1_137' title='bbox 1943 2272 2156 2341; x_wconf 84' lang='lat' dir='ltr'><strong>Tenet</strong></span> <span class='ocrx_word' id='word_1_138' title='bbox 2191 2279 2360 2342; x_wconf 90' lang='lat' dir='ltr'><strong>enim</strong></span> <span class='ocrx_word' id='word_1_139' title='bbox 2394 2295 2538 2360; x_wconf 89' lang='lat' dir='ltr'><strong>pro-</strong></span> 
     </span>
     <span class='ocr_line' id='line_1_19' title="bbox 286 2379 2536 2466; baseline 0.004 -23"><span class='ocrx_word' id='word_1_140' title='bbox 286 2379 600 2446; x_wconf 89' lang='lat' dir='ltr'><strong>babiliter</strong></span> <span class='ocrx_word' id='word_1_141' title='bbox 631 2388 860 2446; x_wconf 89' lang='lat' dir='ltr'><strong>nostra</strong></span> <span class='ocrx_word' id='word_1_142' title='bbox 892 2380 1265 2463; x_wconf 86' lang='lat' dir='ltr'><strong>credulitas,</strong></span> <span class='ocrx_word' id='word_1_143' title='bbox 1300 2383 1479 2466; x_wconf 88' lang='lat' dir='ltr'><strong>quod</strong></span> <span class='ocrx_word' id='word_1_144' title='bbox 1512 2381 1576 2449; x_wconf 90' lang='lat' dir='ltr'><strong>in</strong></span> <span class='ocrx_word' id='word_1_145' title='bbox 1610 2383 1740 2448; x_wconf 90' lang='lat' dir='ltr'><strong>hiis</strong></span> <span class='ocrx_word' id='word_1_146' title='bbox 1773 2382 1958 2449; x_wconf 91' lang='lat' dir='ltr'><strong>iuxta</strong></span> <span class='ocrx_word' id='word_1_147' title='bbox 1991 2382 2118 2448; x_wconf 91' lang='lat' dir='ltr'><strong>Dei</strong></span> <span class='ocrx_word' id='word_1_148' title='bbox 2152 2391 2217 2451; x_wconf 90' lang='lat' dir='ltr'><strong>et</strong></span> <span class='ocrx_word' id='word_1_149' title='bbox 2250 2391 2536 2451; x_wconf 90' lang='lat' dir='ltr'><strong>nostrum</strong></span> 
     </span>
     <span class='ocr_line' id='line_1_20' title="bbox 286 2485 2536 2574; baseline 0.004 -24"><span class='ocrx_word' id='word_1_150' title='bbox 286 2485 773 2572; x_wconf 87' lang='lat' dir='ltr'><strong>beneplacitum</strong></span> <span class='ocrx_word' id='word_1_151' title='bbox 805 2491 1287 2572; x_wconf 86' lang='lat' dir='ltr'><strong>prosequendis</strong></span> <span class='ocrx_word' id='word_1_152' title='bbox 1323 2488 1665 2556; x_wconf 87' lang='lat' dir='ltr'><strong>exhibebis</strong></span> <span class='ocrx_word' id='word_1_153' title='bbox 1687 2498 1754 2556; x_wconf 91' lang='lat' dir='ltr'><strong>te</strong></span> <span class='ocrx_word' id='word_1_154' title='bbox 1794 2492 2246 2574; x_wconf 88' lang='lat' dir='ltr'><strong>voluntarium,</strong></span> <span class='ocrx_word' id='word_1_155' title='bbox 2269 2493 2536 2560; x_wconf 89' lang='lat' dir='ltr'><strong>facilem</strong></span> 
     </span>
     <span class='ocr_line' id='line_1_21' title="bbox 286 2598 2536 2683; baseline 0.003 -23"><span class='ocrx_word' id='word_1_156' title='bbox 286 2601 489 2680; x_wconf 86' lang='lat' dir='ltr'><strong>atque</strong></span> <span class='ocrx_word' id='word_1_157' title='bbox 522 2603 917 2681; x_wconf 83' lang='lat' dir='ltr'><strong>promptum,</strong></span> <span class='ocrx_word' id='word_1_158' title='bbox 954 2617 1097 2662; x_wconf 90' lang='lat' dir='ltr'><strong>cum</strong></span> <span class='ocrx_word' id='word_1_159' title='bbox 1131 2602 1221 2683; x_wconf 90' lang='lat' dir='ltr'><strong>tu,</strong></span> <span class='ocrx_word' id='word_1_160' title='bbox 1256 2598 1313 2663; x_wconf 91' lang='lat' dir='ltr'><strong>si</strong></span> <span class='ocrx_word' id='word_1_161' title='bbox 1347 2606 1569 2665; x_wconf 86' lang='lat' dir='ltr'><strong>tamen</strong></span> <span class='ocrx_word' id='word_1_162' title='bbox 1609 2600 1721 2667; x_wconf 91' lang='lat' dir='ltr'><strong>ille</strong></span> <span class='ocrx_word' id='word_1_163' title='bbox 1753 2599 1869 2682; x_wconf 90' lang='lat' dir='ltr'><strong>sis,</strong></span> <span class='ocrx_word' id='word_1_164' title='bbox 1907 2600 2016 2682; x_wconf 91' lang='lat' dir='ltr'><strong>qui</strong></span> <span class='ocrx_word' id='word_1_165' title='bbox 2048 2606 2200 2667; x_wconf 91' lang='lat' dir='ltr'><strong>tunc</strong></span> <span class='ocrx_word' id='word_1_166' title='bbox 2234 2607 2376 2668; x_wconf 87' lang='lat' dir='ltr'><strong>erat</strong></span> <span class='ocrx_word' id='word_1_167' title='bbox 2407 2602 2536 2667; x_wconf 92' lang='lat' dir='ltr'><strong>Ar-</strong></span> 
     </span>
     <span class='ocr_line' id='line_1_22' title="bbox 288 2705 2537 2794; baseline 0.004 -24"><span class='ocrx_word' id='word_1_168' title='bbox 288 2705 752 2791; x_wconf 85' lang='lat' dir='ltr'><strong>chiepiscopus</strong></span> <span class='ocrx_word' id='word_1_169' title='bbox 818 2708 1249 2793; x_wconf 83' lang='lat' dir='ltr'><strong>Bulgarorum</strong></span> <span class='ocrx_word' id='word_1_170' title='bbox 1306 2707 1461 2774; x_wconf 90' lang='lat' dir='ltr'><strong>olim</strong></span> <span class='ocrx_word' id='word_1_171' title='bbox 1535 2728 1754 2775; x_wconf 91' lang='lat' dir='ltr'><strong>coram</strong></span> <span class='ocrx_word' id='word_1_172' title='bbox 1807 2708 2137 2790; x_wconf 87' lang='lat' dir='ltr'><strong>quondam</strong></span> <span class='ocrx_word' id='word_1_173' title='bbox 2189 2709 2537 2794; x_wconf 87' lang='lat' dir='ltr'><strong>Magnifico</strong></span> 
     </span>
     <span class='ocr_line' id='line_1_23' title="bbox 283 2814 2539 2902; baseline 0.004 -23"><span class='ocrx_word' id='word_1_174' title='bbox 283 2817 428 2879; x_wconf 87' lang='lat' dir='ltr'><strong>viro</strong></span> <span class='ocrx_word' id='word_1_175' title='bbox 459 2814 786 2883; x_wconf 88' lang='lat' dir='ltr'><strong>Michaele</strong></span> <span class='ocrx_word' id='word_1_176' title='bbox 837 2815 1191 2898; x_wconf 84' lang='lat' dir='ltr'><strong>Paleologo</strong></span> <span class='ocrx_word' id='word_1_177' title='bbox 1243 2816 1649 2902; x_wconf 86' lang='lat' dir='ltr'><strong>Imperatore</strong></span> <span class='ocrx_word' id='word_1_178' title='bbox 1704 2819 2066 2885; x_wconf 82' lang='lat' dir='ltr'><strong>Grecorum</strong></span> <span class='ocrx_word' id='word_1_179' title='bbox 2118 2820 2404 2900; x_wconf 65' lang='lat' dir='ltr'><strong>Illustri3</strong></span> <span class='ocrx_word' id='word_1_180' title='bbox 2459 2841 2539 2887; x_wconf 89' lang='lat' dir='ltr'><strong>eo</strong></span> 
     </span>
     <span class='ocr_line' id='line_1_24' title="bbox 285 2924 2537 3011; baseline 0.004 -22"><span class='ocrx_word' id='word_1_181' title='bbox 285 2930 584 3007; x_wconf 90' lang='lat' dir='ltr'><strong>tempore</strong></span> <span class='ocrx_word' id='word_1_182' title='bbox 618 2924 1182 3010; x_wconf 89' lang='lat' dir='ltr'><strong>Constantinopoli</strong></span> <span class='ocrx_word' id='word_1_183' title='bbox 1215 2925 1543 2993; x_wconf 88' lang='lat' dir='ltr'><strong>residente</strong></span> <span class='ocrx_word' id='word_1_184' title='bbox 1564 2976 1580 3008; x_wconf 91' lang='lat'><strong>,</strong></span> <span class='ocrx_word' id='word_1_185' title='bbox 1630 2925 1968 3011; x_wconf 89' lang='lat' dir='ltr'><strong>professus</strong></span> <span class='ocrx_word' id='word_1_186' title='bbox 2001 2928 2211 2994; x_wconf 88' lang='lat' dir='ltr'><strong>fueris</strong></span> <span class='ocrx_word' id='word_1_187' title='bbox 2246 2929 2308 2992; x_wconf 92' lang='lat' dir='ltr'><strong>in</strong></span> <span class='ocrx_word' id='word_1_188' title='bbox 2343 2930 2537 2998; x_wconf 89' lang='lat' dir='ltr'><strong>Pala-</strong></span> 
     </span>
     <span class='ocr_line' id='line_1_25' title="bbox 286 3030 2532 3118; baseline 0.003 -21"><span class='ocrx_word' id='word_1_189' title='bbox 286 3032 380 3097; x_wconf 90' lang='lat' dir='ltr'><strong>tio</strong></span> <span class='ocrx_word' id='word_1_190' title='bbox 419 3031 501 3099; x_wconf 91' lang='lat' dir='ltr'><strong>de</strong></span> <span class='ocrx_word' id='word_1_191' title='bbox 533 3030 902 3100; x_wconf 84' lang='lat' dir='ltr'><strong>Blachavia</strong></span> <span class='ocrx_word' id='word_1_192' title='bbox 935 3051 1155 3099; x_wconf 87' lang='lat' dir='ltr'><strong>coram</strong></span> <span class='ocrx_word' id='word_1_193' title='bbox 1192 3034 1400 3118; x_wconf 88' lang='lat' dir='ltr'><strong>nobis,</strong></span> <span class='ocrx_word' id='word_1_194' title='bbox 1436 3035 1604 3100; x_wconf 88' lang='lat' dir='ltr'><strong>sicut</strong></span> <span class='ocrx_word' id='word_1_195' title='bbox 1635 3053 1676 3098; x_wconf 90' lang='lat' dir='ltr'><strong>a</strong></span> <span class='ocrx_word' id='word_1_196' title='bbox 1711 3040 1825 3099; x_wconf 91' lang='lat' dir='ltr'><strong>tua</strong></span> <span class='ocrx_word' id='word_1_197' title='bbox 1858 3033 2185 3103; x_wconf 87' lang='lat' dir='ltr'><strong>excidisse</strong></span> <span class='ocrx_word' id='word_1_198' title='bbox 2217 3038 2532 3103; x_wconf 88' lang='lat' dir='ltr'><strong>memoria</strong></span> 
     </span>
     <span class='ocr_line' id='line_1_26' title="bbox 283 3123 2537 3227; baseline 0.002 -21"><span class='ocrx_word' id='word_1_199' title='bbox 283 3161 417 3209; x_wconf 86' lang='lat' dir='ltr'><strong>non</strong></span> <span class='ocrx_word' id='word_1_200' title='bbox 451 3141 799 3224; x_wconf 89' lang='lat' dir='ltr'><strong>credimus,</strong></span> <span class='ocrx_word' id='word_1_201' title='bbox 833 3123 1097 3209; x_wconf 87' lang='lat' dir='ltr'><strong>oraculo</strong></span> <span class='ocrx_word' id='word_1_202' title='bbox 1118 3139 1266 3209; x_wconf 83' lang='lat' dir='ltr'><strong>vive</strong></span> <span class='ocrx_word' id='word_1_203' title='bbox 1287 3143 1492 3226; x_wconf 82' lang='lat' dir='ltr'><strong>vocis,</strong></span> <span class='ocrx_word' id='word_1_204' title='bbox 1527 3152 1592 3209; x_wconf 94' lang='lat' dir='ltr'><strong>te</strong></span> <span class='ocrx_word' id='word_1_205' title='bbox 1625 3146 1808 3227; x_wconf 89' lang='lat' dir='ltr'><strong>Pape</strong></span> <span class='ocrx_word' id='word_1_206' title='bbox 1832 3144 2127 3213; x_wconf 88' lang='lat' dir='ltr'><strong>Romano</strong></span> <span class='ocrx_word' id='word_1_207' title='bbox 2162 3146 2537 3212; x_wconf 91' lang='lat' dir='ltr'><strong>immediate</strong></span> 
     </span>
     <span class='ocr_line' id='line_1_27' title="bbox 286 3250 2534 3339; baseline 0.003 -23"><span class='ocrx_word' id='word_1_208' title='bbox 286 3250 588 3338; x_wconf 85' lang='lat' dir='ltr'><strong>subesse,</strong></span> <span class='ocrx_word' id='word_1_209' title='bbox 623 3259 910 3334; x_wconf 90' lang='lat' dir='ltr'><strong>tuncque</strong></span> <span class='ocrx_word' id='word_1_210' title='bbox 945 3250 1032 3317; x_wconf 89' lang='lat' dir='ltr'><strong>ad</strong></span> <span class='ocrx_word' id='word_1_211' title='bbox 1062 3250 1187 3316; x_wconf 90' lang='lat' dir='ltr'><strong>hoc</strong></span> <span class='ocrx_word' id='word_1_212' title='bbox 1207 3298 1225 3333; x_wconf 89' lang='lat'><strong>,</strong></span> <span class='ocrx_word' id='word_1_213' title='bbox 1262 3251 1351 3318; x_wconf 86' lang='lat' dir='ltr'><strong>ad</strong></span> <span class='ocrx_word' id='word_1_214' title='bbox 1384 3252 1557 3335; x_wconf 90' lang='lat' dir='ltr'><strong>quod</strong></span> <span class='ocrx_word' id='word_1_215' title='bbox 1591 3259 1657 3319; x_wconf 91' lang='lat' dir='ltr'><strong>te</strong></span> <span class='ocrx_word' id='word_1_216' title='bbox 1691 3272 1863 3319; x_wconf 89' lang='lat' dir='ltr'><strong>nunc</strong></span> <span class='ocrx_word' id='word_1_217' title='bbox 1895 3252 2283 3335; x_wconf 90' lang='lat' dir='ltr'><strong>inducimus,</strong></span> <span class='ocrx_word' id='word_1_218' title='bbox 2317 3254 2534 3339; x_wconf 90' lang='lat' dir='ltr'><strong>dispo·</strong></span> 
     </span>
     <span class='ocr_line' id='line_1_28' title="bbox 286 3358 2532 3448; baseline 0.003 -25"><span class='ocrx_word' id='word_1_219' title='bbox 286 3360 457 3426; x_wconf 89' lang='lat' dir='ltr'><strong>situs</strong></span> <span class='ocrx_word' id='word_1_220' title='bbox 494 3358 848 3426; x_wconf 83' lang='lat' dir='ltr'><strong>videbaris.</strong></span> <span class='ocrx_word' id='word_1_221' title='bbox 901 3359 1444 3427; x_wconf 85' lang='lat' dir='ltr'><strong>Exhortationem</strong></span> <span class='ocrx_word' id='word_1_222' title='bbox 1491 3361 1691 3448; x_wconf 83' lang='lat' dir='ltr'><strong>igitur</strong></span> <span class='ocrx_word' id='word_1_223' title='bbox 1727 3361 2134 3448; x_wconf 87' lang='lat' dir='ltr'><strong>huiusmodi,</strong></span> <span class='ocrx_word' id='word_1_224' title='bbox 2190 3362 2394 3430; x_wconf 89' lang='lat' dir='ltr'><strong>frater</strong></span> <span class='ocrx_word' id='word_1_225' title='bbox 2428 3385 2532 3430; x_wconf 89' lang='lat' dir='ltr'><strong>ca-</strong></span> 
     </span>
     <span class='ocr_line' id='line_1_29' title="bbox 284 3466 2534 3557; baseline 0.003 -24"><span class='ocrx_word' id='word_1_226' title='bbox 284 3468 569 3550; x_wconf 87' lang='lat' dir='ltr'><strong>rissime,</strong></span> <span class='ocrx_word' id='word_1_227' title='bbox 620 3486 743 3550; x_wconf 87' lang='lat' dir='ltr'><strong>que</strong></span> <span class='ocrx_word' id='word_1_228' title='bbox 776 3466 855 3535; x_wconf 89' lang='lat' dir='ltr'><strong>de</strong></span> <span class='ocrx_word' id='word_1_229' title='bbox 888 3468 1190 3534; x_wconf 88' lang='lat' dir='ltr'><strong>caritatis</strong></span> <span class='ocrx_word' id='word_1_230' title='bbox 1243 3470 1468 3536; x_wconf 86' lang='lat' dir='ltr'><strong>radice</strong></span> <span class='ocrx_word' id='word_1_231' title='bbox 1498 3470 1835 3555; x_wconf 88' lang='lat' dir='ltr'><strong>procedit,</strong></span> <span class='ocrx_word' id='word_1_232' title='bbox 1892 3471 2129 3539; x_wconf 87' lang='lat' dir='ltr'><strong>devote</strong></span> <span class='ocrx_word' id='word_1_233' title='bbox 2181 3472 2534 3557; x_wconf 83' lang='lat' dir='ltr'><strong>suscipias,</strong></span> 
     </span>
     <span class='ocr_line' id='line_1_30' title="bbox 284 3575 2530 3664; baseline 0.001 -19"><span class='ocrx_word' id='word_1_234' title='bbox 284 3585 350 3652; x_wconf 82' lang='lat' dir='ltr'><strong>et</strong></span> <span class='ocrx_word' id='word_1_235' title='bbox 384 3575 601 3642; x_wconf 91' lang='lat' dir='ltr'><strong>studio</strong></span> <span class='ocrx_word' id='word_1_236' title='bbox 640 3576 893 3643; x_wconf 87' lang='lat' dir='ltr'><strong>efficaci</strong></span> <span class='ocrx_word' id='word_1_237' title='bbox 926 3577 1298 3662; x_wconf 86' lang='lat' dir='ltr'><strong>adimplere</strong></span> <span class='ocrx_word' id='word_1_238' title='bbox 1336 3597 1649 3664; x_wconf 88' lang='lat' dir='ltr'><strong>procures</strong></span> <span class='ocrx_word' id='word_1_239' title='bbox 1672 3629 1690 3663; x_wconf 94' lang='lat'><strong>,</strong></span> <span class='ocrx_word' id='word_1_240' title='bbox 1747 3587 1816 3645; x_wconf 90' lang='lat' dir='ltr'><strong>ut</strong></span> <span class='ocrx_word' id='word_1_241' title='bbox 1847 3579 1916 3646; x_wconf 91' lang='lat' dir='ltr'><strong>in</strong></span> <span class='ocrx_word' id='word_1_242' title='bbox 1945 3580 2372 3648; x_wconf 88' lang='lat' dir='ltr'><strong>retributione</strong></span> <span class='ocrx_word' id='word_1_243' title='bbox 2426 3583 2530 3647; x_wconf 90' lang='lat' dir='ltr'><strong>iu-</strong></span> 
     </span>
     <span class='ocr_line' id='line_1_31' title="bbox 285 3687 2532 3777; baseline 0.002 -23"><span class='ocrx_word' id='word_1_244' title='bbox 285 3692 538 3754; x_wconf 89' lang='lat' dir='ltr'><strong>storum</strong></span> <span class='ocrx_word' id='word_1_245' title='bbox 570 3692 859 3752; x_wconf 84' lang='lat' dir='ltr'><strong>extrema</strong></span> <span class='ocrx_word' id='word_1_246' title='bbox 891 3691 1074 3755; x_wconf 91' lang='lat' dir='ltr'><strong>tanto</strong></span> <span class='ocrx_word' id='word_1_247' title='bbox 1124 3689 1530 3753; x_wconf 88' lang='lat' dir='ltr'><strong>remunerari</strong></span> <span class='ocrx_word' id='word_1_248' title='bbox 1565 3687 1751 3754; x_wconf 93' lang='lat' dir='ltr'><strong>donis</strong></span> <span class='ocrx_word' id='word_1_249' title='bbox 1785 3689 2152 3774; x_wconf 86' lang='lat' dir='ltr'><strong>potioribus</strong></span> <span class='ocrx_word' id='word_1_250' title='bbox 2186 3695 2532 3777; x_wconf 88' lang='lat' dir='ltr'><strong>merearis,</strong></span> 
     </span>
     <span class='ocr_line' id='line_1_32' title="bbox 285 3796 2529 3882; baseline 0.002 -19"><span class='ocrx_word' id='word_1_251' title='bbox 285 3802 537 3882; x_wconf 84' lang='lat' dir='ltr'><strong>quanto</strong></span> <span class='ocrx_word' id='word_1_252' title='bbox 570 3797 637 3862; x_wconf 93' lang='lat' dir='ltr'><strong>in</strong></span> <span class='ocrx_word' id='word_1_253' title='bbox 672 3815 923 3864; x_wconf 89' lang='lat' dir='ltr'><strong>orreum</strong></span> <span class='ocrx_word' id='word_1_254' title='bbox 954 3796 1164 3882; x_wconf 91' lang='lat' dir='ltr'><strong>patris</strong></span> <span class='ocrx_word' id='word_1_255' title='bbox 1215 3796 1507 3863; x_wconf 84' lang='lat' dir='ltr'><strong>familias</strong></span> <span class='ocrx_word' id='word_1_256' title='bbox 1542 3799 1877 3866; x_wconf 90' lang='lat' dir='ltr'><strong>uberiores</strong></span> <span class='ocrx_word' id='word_1_257' title='bbox 1924 3799 1990 3863; x_wconf 91' lang='lat' dir='ltr'><strong>in</strong></span> <span class='ocrx_word' id='word_1_258' title='bbox 2023 3806 2087 3865; x_wconf 89' lang='lat' dir='ltr'><strong>te</strong></span> <span class='ocrx_word' id='word_1_259' title='bbox 2122 3818 2201 3863; x_wconf 92' lang='lat' dir='ltr'><strong>ac</strong></span> <span class='ocrx_word' id='word_1_260' title='bbox 2234 3799 2385 3866; x_wconf 89' lang='lat' dir='ltr'><strong>aliis</strong></span> <span class='ocrx_word' id='word_1_261' title='bbox 2418 3802 2529 3867; x_wconf 94' lang='lat' dir='ltr'><strong>bo-</strong></span> 
     </span>
     <span class='ocr_line' id='line_1_33' title="bbox 285 3906 2535 3994; baseline 0.003 -22"><span class='ocrx_word' id='word_1_262' title='bbox 285 3925 516 3974; x_wconf 90' lang='lat' dir='ltr'><strong>norum</strong></span> <span class='ocrx_word' id='word_1_263' title='bbox 568 3924 836 3994; x_wconf 88' lang='lat' dir='ltr'><strong>operum</strong></span> <span class='ocrx_word' id='word_1_264' title='bbox 885 3906 1255 3992; x_wconf 89' lang='lat' dir='ltr'><strong>manipulos</strong></span> <span class='ocrx_word' id='word_1_265' title='bbox 1306 3906 1712 3973; x_wconf 87' lang='lat' dir='ltr'><strong>intraduces.</strong></span> <span class='ocrx_word' id='word_1_266' title='bbox 1771 3908 2080 3975; x_wconf 84' lang='lat' dir='ltr'><strong>Ceterum</strong></span> <span class='ocrx_word' id='word_1_267' title='bbox 2134 3914 2203 3993; x_wconf 91' lang='lat' dir='ltr'><strong>ut</strong></span> <span class='ocrx_word' id='word_1_268' title='bbox 2253 3907 2417 3977; x_wconf 89' lang='lat' dir='ltr'><strong>fides</strong></span> <span class='ocrx_word' id='word_1_269' title='bbox 2468 3922 2535 3979; x_wconf 93' lang='lat' dir='ltr'><strong>et</strong></span> 
     </span>
     <span class='ocr_line' id='line_1_34' title="bbox 287 4016 2534 4105; baseline -0 -20"><span class='ocrx_word' id='word_1_270' title='bbox 287 4020 429 4085; x_wconf 90' lang='lat' dir='ltr'><strong>eius</strong></span> <span class='ocrx_word' id='word_1_271' title='bbox 463 4019 676 4088; x_wconf 89' lang='lat' dir='ltr'><strong>forma</strong></span> <span class='ocrx_word' id='word_1_272' title='bbox 725 4016 1124 4096; x_wconf 83' lang='lat' dir='ltr'><strong>fraternitati</strong></span> <span class='ocrx_word' id='word_1_273' title='bbox 1174 4023 1282 4082; x_wconf 89' lang='lat' dir='ltr'><strong>tue</strong></span> <span class='ocrx_word' id='word_1_274' title='bbox 1317 4017 1572 4102; x_wconf 90' lang='lat' dir='ltr'><strong>plenius</strong></span> <span class='ocrx_word' id='word_1_275' title='bbox 1627 4017 2090 4102; x_wconf 88' lang='lat' dir='ltr'><strong>innotescant,</strong></span> <span class='ocrx_word' id='word_1_276' title='bbox 2145 4021 2331 4105; x_wconf 89' lang='lat' dir='ltr'><strong>ipsas</strong></span> <span class='ocrx_word' id='word_1_277' title='bbox 2379 4020 2534 4085; x_wconf 87' lang='lat' dir='ltr'><strong>feci·</strong></span> 
     </span>
     <span class='ocr_line' id='line_1_35' title="bbox 283 4123 2531 4213; baseline 0.002 -22"><span class='ocrx_word' id='word_1_278' title='bbox 283 4147 433 4192; x_wconf 90' lang='lat' dir='ltr'><strong>mus</strong></span> <span class='ocrx_word' id='word_1_279' title='bbox 485 4128 900 4213; x_wconf 84' lang='lat' dir='ltr'><strong>presentibus</strong></span> <span class='ocrx_word' id='word_1_280' title='bbox 951 4124 1273 4193; x_wconf 81' lang='lat' dir='ltr'><strong>annotari.</strong></span> <span class='ocrx_word' id='word_1_281' title='bbox 1327 4123 1468 4203; x_wconf 84' lang='lat' dir='ltr'><strong>Que</strong></span> <span class='ocrx_word' id='word_1_282' title='bbox 1516 4127 1687 4192; x_wconf 89' lang='lat' dir='ltr'><strong>tales</strong></span> <span class='ocrx_word' id='word_1_283' title='bbox 1722 4135 1907 4194; x_wconf 88' lang='lat' dir='ltr'><strong>sunt:</strong></span> <span class='ocrx_word' id='word_1_284' title='bbox 1960 4126 2306 4193; x_wconf 85' lang='lat' dir='ltr'><strong>Credimus</strong></span> <span class='ocrx_word' id='word_1_285' title='bbox 2359 4130 2531 4196; x_wconf 88' lang='lat' dir='ltr'><strong>hanc</strong></span> 
     </span>
     <span class='ocr_line' id='line_1_36' title="bbox 287 4234 2525 4313; baseline -0.001 -9"><span class='ocrx_word' id='word_1_286' title='bbox 287 4236 600 4304; x_wconf 88' lang='lat' dir='ltr'><strong>Sanctam</strong></span> <span class='ocrx_word' id='word_1_287' title='bbox 655 4236 1084 4313; x_wconf 82' lang='lat' dir='ltr'><strong>Trinitatem,</strong></span> <span class='ocrx_word' id='word_1_288' title='bbox 1139 4254 1267 4298; x_wconf 91' lang='lat' dir='ltr'><strong>non</strong></span> <span class='ocrx_word' id='word_1_289' title='bbox 1320 4241 1451 4301; x_wconf 92' lang='lat' dir='ltr'><strong>tres</strong></span> <span class='ocrx_word' id='word_1_290' title='bbox 1487 4236 1699 4311; x_wconf 90' lang='lat' dir='ltr'><strong>Deos,</strong></span> <span class='ocrx_word' id='word_1_291' title='bbox 1750 4234 1867 4301; x_wconf 86' lang='lat' dir='ltr'><strong>scd</strong></span> <span class='ocrx_word' id='word_1_292' title='bbox 1900 4254 2099 4302; x_wconf 89' lang='lat' dir='ltr'><strong>unum</strong></span> <span class='ocrx_word' id='word_1_293' title='bbox 2147 4237 2357 4303; x_wconf 91' lang='lat' dir='ltr'><strong>Deum</strong></span> <span class='ocrx_word' id='word_1_294' title='bbox 2394 4257 2525 4303; x_wconf 91' lang='lat' dir='ltr'><strong>om-</strong></span> 
     </span>
     <span class='ocr_line' id='line_1_37' title="bbox 288 4342 2610 4432; baseline 0 -22"><span class='ocrx_word' id='word_1_295' title='bbox 288 4346 710 4432; x_wconf 88' lang='lat' dir='ltr'><strong>nipotentem,</strong></span> <span class='ocrx_word' id='word_1_296' title='bbox 745 4351 1079 4420; x_wconf 90' lang='lat' dir='ltr'><strong>eternum,</strong></span> <span class='ocrx_word' id='word_1_297' title='bbox 1142 4342 1538 4409; x_wconf 83' lang='lat' dir='ltr'><strong>invisibilem</strong></span> <span class='ocrx_word' id='word_1_298' title='bbox 1589 4350 1651 4409; x_wconf 93' lang='lat' dir='ltr'><strong>et</strong></span> <span class='ocrx_word' id='word_1_299' title='bbox 1700 4344 2338 4429; x_wconf 87' lang='lat' dir='ltr'><strong>incommutabilem;</strong></span> <span class='ocrx_word' id='word_1_300' title='bbox 2393 4364 2528 4412; x_wconf 90' lang='lat' dir='ltr'><strong>cre·</strong></span> <span class='ocrx_word' id='word_1_301' title='bbox 2607 4417 2610 4420; x_wconf 11' lang='grc' dir='ltr'><strong>Α</strong></span> 
     </span>
     <span class='ocr_line' id='line_1_38' title="bbox 286 4451 2525 4537; baseline 0 -20"><span class='ocrx_word' id='word_1_302' title='bbox 286 4453 496 4518; x_wconf 89' lang='lat' dir='ltr'><strong>dimus</strong></span> <span class='ocrx_word' id='word_1_303' title='bbox 532 4454 847 4520; x_wconf 88' lang='lat' dir='ltr'><strong>Sanctam</strong></span> <span class='ocrx_word' id='word_1_304' title='bbox 868 4451 1276 4534; x_wconf 87' lang='lat' dir='ltr'><strong>Catholicam</strong></span> <span class='ocrx_word' id='word_1_305' title='bbox 1312 4457 1374 4519; x_wconf 89' lang='lat' dir='ltr'><strong>et</strong></span> <span class='ocrx_word' id='word_1_306' title='bbox 1407 4453 1863 4537; x_wconf 89' lang='lat' dir='ltr'><strong>Apostolicam</strong></span> <span class='ocrx_word' id='word_1_307' title='bbox 1894 4471 2086 4518; x_wconf 86' lang='lat' dir='ltr'><strong>unam</strong></span> <span class='ocrx_word' id='word_1_308' title='bbox 2122 4473 2269 4520; x_wconf 89' lang='lat' dir='ltr'><strong>esse</strong></span> <span class='ocrx_word' id='word_1_309' title='bbox 2307 4475 2525 4522; x_wconf 85' lang='lat' dir='ltr'><strong>veram</strong></span> 
     </span>
     <span class='ocr_line' id='line_1_39' title="bbox 287 4561 2536 4646; baseline 0 -17"><span class='ocrx_word' id='word_1_310' title='bbox 287 4564 670 4646; x_wconf 88' lang='lat' dir='ltr'><strong>Ecclesiam,</strong></span> <span class='ocrx_word' id='word_1_311' title='bbox 706 4564 771 4628; x_wconf 90' lang='lat' dir='ltr'><strong>in</strong></span> <span class='ocrx_word' id='word_1_312' title='bbox 805 4582 936 4646; x_wconf 89' lang='lat' dir='ltr'><strong>qua</strong></span> <span class='ocrx_word' id='word_1_313' title='bbox 965 4580 1159 4626; x_wconf 91' lang='lat' dir='ltr'><strong>unum</strong></span> <span class='ocrx_word' id='word_1_314' title='bbox 1192 4561 1382 4626; x_wconf 87' lang='lat' dir='ltr'><strong>datur</strong></span> <span class='ocrx_word' id='word_1_315' title='bbox 1433 4561 1766 4645; x_wconf 87' lang='lat' dir='ltr'><strong>baptisma</strong></span> <span class='ocrx_word' id='word_1_316' title='bbox 1799 4571 1865 4627; x_wconf 91' lang='lat' dir='ltr'><strong>et</strong></span> <span class='ocrx_word' id='word_1_317' title='bbox 1913 4583 2073 4630; x_wconf 86' lang='lat' dir='ltr'><strong>vera</strong></span> <span class='ocrx_word' id='word_1_318' title='bbox 2107 4563 2394 4629; x_wconf 90' lang='lat' dir='ltr'><strong>omnium</strong></span> <span class='ocrx_word' id='word_1_319' title='bbox 2435 4584 2536 4629; x_wconf 89' lang='lat' dir='ltr'><strong>re-</strong></span> 
     </span>
     <span class='ocr_line' id='line_1_40' title="bbox 291 4668 2536 4756; baseline 0.002 -20"><span class='ocrx_word' id='word_1_320' title='bbox 291 4670 517 4739; x_wconf 90' lang='lat' dir='ltr'><strong>missio</strong></span> <span class='ocrx_word' id='word_1_321' title='bbox 570 4678 1022 4756; x_wconf 80' lang='lat' dir='ltr'><strong>peccatorum3</strong></span> <span class='ocrx_word' id='word_1_322' title='bbox 1076 4668 1400 4737; x_wconf 88' lang='lat' dir='ltr'><strong>credimus</strong></span> <span class='ocrx_word' id='word_1_323' title='bbox 1453 4671 1652 4738; x_wconf 91' lang='lat' dir='ltr'><strong>etiam</strong></span> <span class='ocrx_word' id='word_1_324' title='bbox 1706 4692 1926 4740; x_wconf 88' lang='lat' dir='ltr'><strong>veram</strong></span> <span class='ocrx_word' id='word_1_325' title='bbox 1982 4674 2536 4741; x_wconf 88' lang='lat' dir='ltr'><strong>resurrectionem</strong></span> 
     </span>
     <span class='ocr_line' id='line_1_41' title="bbox 292 4780 2537 4865; baseline 0.001 -19"><span class='ocrx_word' id='word_1_326' title='bbox 292 4780 582 4849; x_wconf 88' lang='lat' dir='ltr'><strong>eiusdem</strong></span> <span class='ocrx_word' id='word_1_327' title='bbox 617 4782 851 4865; x_wconf 89' lang='lat' dir='ltr'><strong>carnis,</strong></span> <span class='ocrx_word' id='word_1_328' title='bbox 885 4800 1081 4864; x_wconf 90' lang='lat' dir='ltr'><strong>quam</strong></span> <span class='ocrx_word' id='word_1_329' title='bbox 1111 4797 1287 4845; x_wconf 90' lang='lat' dir='ltr'><strong>nunc</strong></span> <span class='ocrx_word' id='word_1_330' title='bbox 1320 4786 1674 4865; x_wconf 87' lang='lat' dir='ltr'><strong>gestamus,</strong></span> <span class='ocrx_word' id='word_1_331' title='bbox 1700 4787 1767 4847; x_wconf 86' lang='lat' dir='ltr'><strong>et</strong></span> <span class='ocrx_word' id='word_1_332' title='bbox 1798 4782 2002 4848; x_wconf 89' lang='lat' dir='ltr'><strong>vitam</strong></span> <span class='ocrx_word' id='word_1_333' title='bbox 2035 4787 2366 4865; x_wconf 83' lang='lat' dir='ltr'><strong>eternam3</strong></span> <span class='ocrx_word' id='word_1_334' title='bbox 2403 4801 2537 4849; x_wconf 90' lang='lat' dir='ltr'><strong>cre-</strong></span> 
     </span>
    </p>
   </div>
  </div>
 </body>
</html>
