3416 5313
1860 457 1992 526 216

1867 1116 2017 1186 143.

811 1320 999 1389 Peter
1030 1319 1273 1406 ardel—212·
1292 1319 1543 1408 pilspiik
1574 1321 1639 1385 63
1669 1318 1888 1383 Ldzczr
1918 1314 2435 1382 kolosmonostovi
2470 1314 2627 1397 apdt
2656 1311 2825 1377 k‘o'zti
2856 1311 3068 1376 biv-tole

1712 1446 1898 1493 caere.
1957 1424 2157 1493 1299.

1023 1626 1103 1692 In
1151 1644 1366 1694 rerum
1416 1622 2044 1693 Ecclesiasticarum
2094 1619 2373 1710 agendis
2392 1670 2412 1706 ,
2476 1637 2740 1706 semper
2788 1618 3069 1686 meliora

813 1734 1305 1824 prospiciuntur
1338 1738 1404 1800 et
1432 1734 1694 1801 vtiliora
1729 1734 2156 1801 attenduntur
2179 1781 2196 1815 ‚
2229 1727 2319 1798 ad
2350 1726 2478 1797 hoc
2498 1780 2517 1816 ,
2574 1732 2647 1794 vt
2673 1725 2802 1797 Dei
2838 1726 3071 1795 Eccle-

810 1846 915 1912 sia
947 1842 1016 1910 in
1036 1861 1153 1908 suo
1186 1847 1365 1909 statu
1388 1847 1531 1908 tuta
1562 1847 1974 1926 permaneat,
2012 1845 2081 1908 et
2106 1839 2175 1907 in
2205 1836 2342 1907 suis
2366 1837 2555 1905 bonis
2575 1834 2662 1903 sit
2684 1835 3070 1921 tranquilla.

813 1952 942 2021 Pro
974 1970 1078 2037 eo,
1111 1968 1236 2019 nos
1268 1950 1506 2017 Petrus
1540 1947 1664 2016 Dei
1699 1948 1932 2030 gracia
1954 1947 2327 2032 Episcopus
2357 1942 2865 2014 Transsilvanie
2895 1962 3072 2014 com·

816 2058 1076 2128 modum
1110 2062 1175 2126 et
1225 2055 1579 2124 utilitatem
1631 2056 1841 2123 nostri
1892 2054 2334 2139 Episcopatus
2356 2100 2375 2136 ,
2427 2053 2650 2120 studio
2701 2049 3075 2120 sollerciori

812 2164 1255 2249 attendentes,
1287 2173 1359 2232 ut
1388 2164 1614 2253 populi
1646 2164 2092 2251 Episcopatus
2123 2161 2339 2229 nostri
2368 2158 2450 2226 de
2482 2158 2796 2240 Kiusuar,
2834 2158 2916 2226 de
2946 2160 3075 2231 Fe·

815 2293 938 2342 nes
958 2323 977 2359 ,
1013 2279 1081 2343 et
1108 2273 1393 2341 aliarum
1424 2273 1735 2341 villarum
1767 2276 2138 2341 nostrarum
2173 2267 2787 2337 circumiacencium
2808 2315 2827 2351 ‚
2881 2285 3071 2334 com-

818 2379 1073 2447 modius
1108 2385 1174 2447 et
1223 2379 1522 2463 quiecius
1573 2380 1669 2449 uti
1701 2381 2009 2463 ualeant,
2060 2377 2334 2447 liberius
2367 2395 2448 2447 ac
2485 2375 2774 2463 largius,
2824 2374 2895 2442 in
2929 2374 3074 2445 suis

815 2487 1007 2555 bonis
1037 2487 1232 2555 nobis
1281 2486 1532 2556 servire
1565 2487 1863 2573 possint,
1916 2493 2186 2576 propter
2218 2487 2348 2553 hoc
2396 2484 2699 2569 diligenti
2748 2483 3076 2553 delibera-

818 2596 1009 2665 cione
1039 2596 1361 2684 premissa
1393 2615 1538 2665 cum
1571 2595 1716 2666 viro
1747 2597 2057 2680 religioso
2088 2595 2298 2665 fratre
2330 2595 2600 2679 Lazaro,
2639 2590 2908 2661 Abbate
2936 2592 3074 2662 Mo-

818 2704 1093 2791 nasterij
1146 2703 1625 2790 gloriosissime
1678 2704 1971 2790 Virginis
2002 2703 2216 2774 Marie
2262 2702 2348 2771 de
2402 2701 2572 2769 Klus
2591 2754 2611 2790 ,
2665 2707 3076 2771 contractum

818 2813 1331 2900 permutacionis
1364 2812 1448 2880 de
1482 2811 1878 2896 quibusdam
1924 2812 2116 2880 terris
2149 2813 2371 2881 Leske
2420 2817 2487 2880 et
2518 2809 2937 2898 Szentgyurg
2967 2831 3079 2879 uo-

821 2924 989 2993 catis
1020 2923 1194 2992 inter
1221 2922 1687 3009 possessiones
1710 2929 1972 2992 nostras
2003 2920 2374 2990 iacentibus
2396 2920 2702 2988 duximus
2736 2921 3077 2988 celebran-

823 3031 1015 3117 dum3
1066 3032 1137 3099 in
1169 3049 1443 3114 quarum
1472 3037 1796 3099 terrarum
1851 3029 2305 3099 concambium
2355 3029 2678 3115 quasdam
2727 3029 2926 3097 villas
2957 3047 3074 3095 no·

822 3146 997 3208 stras
1028 3136 1309 3207 Nadasd
1339 3143 1408 3205 et
1437 3138 1937 3226 Bugartheluke
1970 3144 2267 3221 vocatas,
2315 3136 2494 3206 villis
2526 3142 2595 3205 et
2624 3136 2817 3205 terris
2847 3155 3078 3206 mona·

821 3248 1005 3333 sterij
1043 3245 1324 3333 predicti
1357 3255 1870 3330 commetaneas‚
1903 3247 1992 3314 ab
2029 3247 2186 3334 alijs
2216 3244 2413 3314 terris
2432 3245 2677 3314 nostris
2708 3251 2778 3312 et
2809 3263 3078 3332 posses·

822 3354 1137 3430 sionibus,
1172 3356 1369 3422 certis
1403 3355 1597 3424 metis
1633 3363 1699 3423 et
1733 3354 2033 3422 terminis
2056 3362 2408 3443 separatas
2443 3360 2508 3422 et
2539 3353 2908 3436 distinctas,
2942 3353 3077 3423 Ab·

820 3461 962 3529 bati
996 3467 1064 3530 et
1094 3482 1215 3549 per
1248 3480 1393 3530 eum
1431 3462 1836 3533 monasterio
1870 3463 2208 3551 predicto,
2262 3463 2498 3531 damus
2532 3468 2599 3529 et
2629 3460 3079 3551 assignamus,

824 3592 907 3639 ac
938 3589 1059 3657 per
1089 3577 1341 3640 cartam
1376 3577 1750 3655 presentem
1770 3622 1790 3658 ,
1823 3571 2041 3655 ipsum
2074 3570 2344 3639 fratrem
2379 3568 2721 3655 Lazarum,
2756 3577 3080 3653 tanquam

823 3679 1143 3746 Abbatem
1177 3684 1244 3746 et
1291 3678 1656 3764 legitimum
1710 3678 2003 3746 eiusdem
2036 3678 2418 3766 monasterij
2460 3678 3081 3749 Administratorem

822 3805 1047 3853 verum
1083 3785 1417 3854 dominum
1454 3795 1520 3855 et
1567 3787 1929 3872 legitimum
1964 3786 2420 3857 constituimus
2471 3807 2921 3873 possessorem
2966 3806 3079 3855 ea-

823 3894 1118 3960 rundem.
1152 3894 1603 3962 Promittendo
1630 3893 1869 3978 eidem,
1903 3904 1975 3964 ut
1995 3895 2052 3963 si
2084 3894 2216 3963 ullo
2236 3914 2523 3980 unquam
2557 3901 2857 3981 tempore
2898 3895 3079 3963 idem

828 4001 1136 4071 dominus
1167 4003 1400 4070 Abbas
1431 4004 1541 4071 uel
1575 4002 1718 4071 eius
1752 4021 2173 4071 successores
2194 4052 2212 4086 ‚
2242 4003 2310 4068 in
2342 4001 2536 4071 terris
2568 4023 2690 4089 per
2723 4022 2846 4071 nos
2878 4003 3080 4092 datis,

823 4108 895 4175 in
932 4113 1070 4176 toto
1102 4109 1552 4196 inpeterentur
1604 4112 1713 4178 uel
1745 4112 1811 4177 in
1842 4116 2072 4195 parte,
2124 4131 2248 4180 nos
2282 4120 2347 4179 et
2396 4110 2606 4179 nostri
2655 4130 3081 4182 successores

825 4215 1186 4285 tenebimur
1217 4237 1477 4303 semper
1528 4220 1744 4305 ipsum
1778 4218 2110 4287 dominum
2144 4219 2474 4288 Abbatem
2505 4227 2572 4287 et
2602 4219 3079 4324 Monasteriugn

825 4325 893 4391 in
926 4324 1356 4412 possessione
1387 4326 1611 4410 quieta
1644 4345 2066 4415 conseruare,
2101 4333 2168 4395 et
2199 4328 2257 4395 si
2289 4329 2414 4397 hoc
2443 4326 2671 4397 facere
2703 4346 2835 4395 non
2864 4335 3080 4397 atten-

827 4432 1127 4503 deremus
1158 4452 1280 4501 nec
1313 4454 1680 4523 possemus,
1714 4445 1870 4502 tunc
1894 4441 2067 4505 terre
2098 4441 2460 4505 memorate
2480 4436 2671 4504 nobis
2690 4437 2759 4503 in
2777 4456 3078 4505 concam-

828 4542 1003 4608 bium
1038 4540 1383 4626 assignate
1401 4594 1420 4629 ,
1476 4543 1566 4612 ad
1599 4543 1698 4613 ius
1732 4548 1802 4613 et
1830 4544 2306 4630 proprietatem
2342 4544 2731 4629 Monasterij
2781 4545 2928 4614 sine
2958 4546 3080 4614 ali-

828 4649 1055 4735 aliqua
1087 4649 1363 4718 redeant
1384 4651 1748 4735 questione.
1770 4653 2216 4720 Promittimus
2237 4654 2524 4740 insuper,
2558 4658 2632 4720 ut
2652 4652 2888 4722 Abbas
2907 4674 3081 4721 nunc

829 4756 1123 4825 existens
1158 4764 1227 4826 ct
1259 4759 1458 4826 futuri
1490 4759 1816 4846 Abbates,
1848 4761 1907 4829 si
1939 4761 2206 4848 quando
2241 4760 2595 4847 voluerint,
2632 4768 2698 4830 et
2727 4761 2928 4848 lignis
2959 4782 3080 4849 pro
