3416 5313
1883 391 2009 456 112

817 587 1063 654 domini
1093 587 1486 670 Potestatis,
1541 586 1857 672 Consilii,
1893 586 2265 657 Communis
2300 593 2365 653 et
2394 589 2730 658 hominum
2776 589 3049 675 Spalati,

820 703 887 764 et
917 719 1035 785 pro
1067 699 1230 784 ipsis
1280 697 1581 767 omnibus
1633 698 1959 783 solempni
2007 698 2445 785 stipulacione
2477 699 2934 783 promiserunt,
2977 718 3045 765 se

820 805 1112 876 facturos
1148 813 1214 873 et
1248 814 1589 877 curaturos
1623 808 1799 874 omni
1847 810 2249 895 excepcione
2283 816 2348 875 et
2381 810 2733 877 occasione
2766 808 3048 895 remotis,

819 917 991 999 quod
1025 914 1354 1002 predictus
1390 916 1688 983 dominus
1724 917 1959 984 Comes
1995 916 2319 1002 Georgius
2353 924 2484 983 tam
2512 936 2631 984 suo
2665 917 2947 1002 nomine,
2983 924 3045 983 et

819 1045 1076 1094 suorum
1099 1025 1451 1108 hominum,
1488 1044 1683 1107 quam
1702 1025 2035 1091 hominum
2075 1038 2137 1091 ct
2159 1024 2530 1093 Communis
2549 1026 2825 1107 Almisii‚
2863 1023 3052 1091 firma

819 1143 882 1202 et
917 1146 1061 1203 rata
1092 1134 1368 1203 habebit
1401 1143 1465 1199 et
1501 1135 1910 1221 adimplebit,
1944 1136 2163 1201 omnia
2197 1143 2261 1201 et
2294 1137 2556 1223 singula
2578 1136 3048 1221 suprascripta,

816 1252 881 1310 et
914 1245 1204 1326 quelibet
1238 1263 1479 1327 eorum,
1531 1252 1595 1309 et
1629 1265 1761 1310 non
1796 1226 2224 1310 co‘ntrafaciet
2245 1295 2261 1328 ‚
2296 1247 2404 1312 vel
2435 1246 2658 1314 veniet
2692 1242 2919 1328 aliqua
2951 1263 3049 1307 ra-

820 1353 1005 1420 cione
1028 1403 1047 1432 ,
1078 1354 1343 1439 ingenio
1379 1353 1518 1418 sive
1552 1371 1758 1419 causa
1811 1351 1890 1417 de
1916 1354 2062 1439 jure
2095 1355 2203 1420 vel
2235 1353 2318 1418 de
2351 1353 2567 1435 facto,
2617 1353 2738 1423 sub
2772 1371 2948 1437 pena
2981 1352 3049 1416 li-

814 1463 1078 1531 brarum
1109 1463 1300 1528 trium
1353 1461 1625 1527 millium
1675 1461 2085 1528 denariorum
2120 1463 2512 1529 Venetorum
2569 1480 2916 1548 parvorum
2951 1479 3053 1527 so-

811 1570 1011 1637 lemni
1044 1571 1482 1655 stipulacione
1516 1571 1883 1657 promissa,
1938 1577 2004 1637 et
2037 1569 2454 1655 obligacione
2505 1571 2817 1636 omnium·
2848 1570 3051 1634 bono-

812 1700 950 1746 rum
972 1678 1346 1748 Communis
1380 1685 1442 1746 et
1462 1678 1793 1746 hominum
1840 1678 2117 1762 Spalati,
2140 1679 2475 1746 mobilium
2501 1685 2566 1745 et
2603 1678 3050 1761 immobilium,

814 1790 1227 1875 presencium
1278 1796 1342 1852 et
1373 1787 1754 1854 futurorum.
1807 1789 1972 1853 Item
2004 1786 2233 1853 eodem
2265 1787 2454 1853 modo
2494 1789 2752 1855 nobiles
2787 1787 2909 1854 viri
2944 1788 3054 1853 do·

816 1899 972 1964 mini
1027 1898 1425 1966 Laurencius
1478 1896 1558 1962 de
1590 1894 1908 1964 Zeualelli
1948 1894 2128 1962 Civis
2179 1894 2382 1983 Jadre
2429 1894 2852 1980 fidejubendo
2885 1899 2952 1961 et
2982 1913 3054 1960 se

816 2030 933 2095 pro
965 2008 1276 2094 predictis
1310 2014 1375 2075 et
1413 2005 1701 2091 quolibet
1736 2005 2171 2091 predictorum
2208 2024 2322 2090 pro
2358 2003 2530 2072 dicto
2564 2003 2815 2072 Comite
2843 2000 3054 2070 ''Geor-

817 2118 925 2203 gio
958 2118 1408 2207 principaliter
1446 2115 1802 2199 obligando
1835 2116 1903 2182 in
1957 2114 2174 2181 librisx
2195 2121 2259 2179 et
2288 2132 2407 2198 pro
2442 2113 2626 2179 libris
2659 2112 3055 2198 octingentis

814 2223 1220 2293 denariorum
1251 2226 1643 2291 Venetorum
1674 2241 2063 2308 parvorum;
2099 2220 2332 2289 Gallus
2366 2221 2524 2285 olim
2557 2220 2805 2287 domini
2838 2221 3050 2288 Cerne

816 2334 898 2399 de
929 2333 1182 2416 Mergia
1214 2333 1391 2401 Civis
1436 2331 1784 2400 Jadrensis
1817 2329 2233 2415 fidejubendo
2268 2336 2333 2396 et
2365 2349 2439 2396 se
2471 2350 2591 2416 pro
2635 2328 2954 2415 predictis
2992 2335 3057 2394 et

820 2442 1108 2527 quolibet
1139 2442 1571 2527 predictorum
1613 2440 2072 2527 principaliter
2122 2437 2477 2526 obligando
2509 2442 2577 2505 in
2613 2438 2800 2505 libris
2835 2446 2903 2505 et
2935 2458 3052 2522 pro

817 2554 1001 2621 libris
1034 2551 1471 2637 septingentis
1525 2549 1938 2614 denariorum
1988 2551 2386 2616 Venetorum
2419 2567 2808 2634 parvorum;
2852 2547 3053 2614 domi-

819 2684 939 2730 nus
971 2661 1331 2730 Domaldus
1387 2661 1470 2727 de
1502 2658 1882 2728 Candolinis
1936 2658 2112 2727 Civis
2142 2659 2485 2728 Jadrensis
2536 2656 2953 2745 fidejubendo
2986 2664 3051 2721 et

821 2791 892 2838 se
925 2791 1042 2858 pro
1092 2769 1404 2857 predictis
1457 2775 1523 2835 et
1577 2767 1871 2849 quolibet
1920 2766 2364 2850 predictorum
2414 2786 2532 2853 pro
2569 2767 2745 2835 dicto
2797 2766 3055 2835 Gemite

819 2880 1097 2964 Georgio
1131 2876 1582 2967 principaliter
1621 2874 1975 2959 obligando
2014 2877 2079 2942 in
2101 2876 2287 2944 libris
2323 2881 2390 2943 et
2419 2897 2536 2964 pro
2567 2873 2753 2943 libris
2786 2894 3046 2944 sexcen-

815 2989 899 3057 tis
939 2989 1353 3056 denariorum
1372 2989 1768 3054 Venetorum
1790 3003 2166 3071 parvorum;
2206 2984 2511 3053 dominus
2543 2985 2763 3053 Dessa
2781 2981 2864 3050 de
2895 2984 3052 3051 Fas·

818 3118 1018 3183 sogna
1039 3097 1217 3165 Civis
1249 3094 1595 3164 Jadrensis
1636 3093 2081 3182 fidejubendo,
2117 3099 2181 3161 et
2214 3113 2288 3162 se
2318 3113 2433 3181 pro
2466 3093 2784 3180 predictis
2815 3099 2880 3160 et
2901 3112 3054 3178 quo·

818 3208 975 3274 libet
1008 3206 1445 3292 predictorum
1473 3224 1590 3291 pro
1623 3204 1798 3271 dicto
1822 3204 2068 3273 Comite
2102 3203 2376 3290 Georgio
2406 3204 2866 3290 principaliter
2896 3201 3053 3270 obli-

817 3316 1035 3404 gando
1066 3316 1135 3382 in
1166 3314 1348 3380 libris
1383 3323 1445 3379 et
1478 3334 1595 3399 pro
1628 3313 1815 3380 libris
1856 3316 2182 3381 sexcentis
2202 3314 2620 3383 denariorum
2656 3316 3055 3382 Venetorum

817 3444 1191 3513 parvorum;
1215 3424 1471 3491 Barcbo
1494 3422 1577 3489 de
1603 3423 1965 3507 Grisogono
1988 3423 2072 3494 de
2090 3424 2316 3492 Mauro
2339 3424 2519 3506 Civis
2538 3424 2883 3493 Jadrensis
2904 3422 3055 3490 fide-

808 3534 1123 3618 jubendo,
1160 3539 1226 3598 et
1256 3550 1328 3597 se
1359 3551 1479 3617 pro
1512 3531 1830 3616 predictis
1863 3537 1930 3597 et
1960 3532 2720 3617 quolibetpredictorum
2741 3554 2861 3619 pro
2882 3533 3054 3599 dicto

816 3640 1065 3708 Comite
1098 3641 1381 3723 Georgio
1415 3639 1870 3724 principaliter
1922 3640 2272 3724 obligando
2306 3644 2370 3708 in
2405 3640 2591 3709 libris
2627 3651 2693 3710 et
2723 3662 2839 3728 pro
2873 3638 3053 3709 libris

814 3747 1313 3832 quadringentis
1335 3749 1745 3818 denariorum
1779 3751 2174 3817 Venetorum
2208 3771 2596 3837 parvorum;
2632 3751 2949 3821 Bivoldus
2970 3749 3054 3817 de

814 3858 1106 3941 Batone,
1154 3857 1378 3925 Micha
1427 3858 1689 3926 Domini
1740 3858 1974 3927 Jacobi
2025 3858 2107 3925 de
2140 3860 2523 3949 Scolatura,
2578 3870 2644 3927 et
2676 3862 3053 3947 Stephanus

816 3966 970 4032 olim
1003 3962 1238 4033 Marini
1271 3965 1354 4032 de
1374 3964 1572 4048 Labe,
1596 3965 1774 4033 cives
1792 3966 2157 4035 Jadrenses
2192 3966 2608 4053 fidejubendo
2642 3970 2919 4053 quilibet
2950 3988 3054 4036 eo-

814 4092 949 4139 rum
1003 4080 1067 4139 et
1102 4093 1176 4141 se
1225 4096 1345 4161 pro
1395 4075 1712 4162 predictis
1767 4083 1832 4144 et
1873 4077 2164 4160 quolibet
2213 4080 2652 4169 predictorum
2703 4100 2821 4166 pro
2875 4080 3051 4147 dicto

814 4183 1068 4251 Comite
1123 4183 1406 4270 Georgio
1457 4184 1912 4270 principaliter
1945 4185 2327 4271 obligando,
2379 4188 2651 4272 quilibet
2702 4208 2923 4255 eorum
2984 4190 3048 4253 in

811 4283 997 4360 libris
1031 4297 1095 4359 et
1123 4310 1241 4376 pro
1275 4293 1461 4359 libris
1483 4295 1789 4360 tercentis
1811 4294 2227 4361 denariorum
2248 4296 2641 4364 Venetorum
2661 4316 3009 4381 parvorum
3031 4321 3048 4383 ;

813 4406 879 4468 et
913 4419 1137 4467 omnes
1170 4408 1231 4465 et
1283 4400 1554 4483 quilibet
1609 4421 1832 4467 eorum
1865 4421 1937 4467 se
1989 4401 2371 4488 obligando,
2409 4411 2479 4469 ut
2509 4405 2748 4470 dictum
2785 4413 2909 4486 est,
2945 4428 3044 4474 so*

810 4511 1051 4595 lempni
1072 4509 1510 4595 stipulacione
1532 4511 1967 4595 promiserunt
1997 4531 2119 4596 pro
2154 4532 2224 4578 se
2251 4520 2317 4579 et
2350 4533 2567 4581 eorum
2604 4519 2669 4581 et
2701 4515 3047 4601 cujuslibet
3119 4581 3123 4590 ,

813 4621 1037 4689 eorum
1067 4618 1421 4686 heredibus
1456 4629 1523 4688 et
1542 4620 2031 4687 successoribus
2065 4620 2238 4688 dicto
2271 4622 2529 4690 domino
2548 4623 2834 4708 Rogerio
2867 4626 3048 4692 Mau·

814 4748 1069 4814 roceno,
1105 4731 1386 4818 Egregio
1430 4731 1730 4799 Iadrensi
1770 4731 2027 4815 Comiti,
2060 4732 2402 4819 recipienti
2437 4738 2500 4800 et
2532 4733 2872 4818 stipulanti
2904 4736 3050 4803 vice
