3416 5313
1901 409 1941 473 8

803 608 1057 677 nobiles
1092 627 1172 673 ac
1203 608 1371 676 alios
1404 608 1835 694 supradictos,
1871 626 2070 691 super
2100 627 2229 689 quo
2253 625 2362 670 cos
2395 607 2698 672 volumus
2734 624 2881 673 esse
2915 610 3041 675 sol·

805 719 1024 787 licitos
1058 725 1124 783 et
1156 723 1441 784 attentos
1465 768 1480 799 ,
1535 717 1618 783 de
1653 721 1829 783 statu
1851 767 1869 802 ,
1923 717 2405 783 conditionibus
2440 725 2504 781 et
2542 715 3045 782 circumstantiis

805 825 972 913 ipsis
1025 824 1370 892 certificati
1421 826 1690 893 tandem
1721 825 1977 911 plenius
2018 831 2081 891 et
2131 824 2471 907 instructi,
2524 825 2700 888 circa
2750 824 3046 907 Regnum

805 936 1024 1019 ipsum
1056 942 1124 1001 et
1155 940 1395 1002 statum
1434 934 1574 999 eius
1607 937 1938 1020 possimus
1969 933 2195 998 utilius
2236 939 2298 998 et
2321 930 2646 997 efficatius
2669 930 2756 997 ad
2786 932 3047 999 laudem

804 1043 1032 1113 Divini
1066 1044 1348 1110 nominis
1384 1048 1448 1107 et
1472 1041 1755 1125 quietem
1787 1045 2067 1110 fidelium
2105 1040 2468 1125 providere.
2491 1040 2630 1105 Nos
2664 1045 2882 1106 autem
2903 1060 3046 1126 pre·

807 1152 980 1220 fatos
1012 1150 1563 1238 Archiepiscopos
1588 1205 1603 1236 ,
1656 1152 2022 1237 Episcopos
2047 1201 2062 1225 ‚
2115 1156 2179 1214 et
2210 1148 2478 1216 Nobiles
2512 1168 2590 1216 ac
2623 1148 2789 1215 alios
2824 1167 3051 1233 supra·

810 1261 1023 1327 dictos
1055 1280 1173 1345 per
1204 1264 1465 1324 nostras
1501 1258 1755 1326 litteras
1789 1276 2121 1327 monemus
2155 1263 2220 1322 et
2250 1257 2581 1322 hortamur
2613 1263 2908 1345 attente3
2958 1259 3050 1324 ni-

808 1366 1197 1434 chilominus
1231 1369 1326 1433 eis
1360 1386 1479 1451 per
1500 1367 1881 1451 Apostolica
1914 1367 2161 1452 scripta
2181 1365 2590 1447 mandantes,
2623 1376 2694 1433 ut
2726 1368 2848 1432 tibi
2880 1369 3051 1435 circa

807 1476 1137 1562 premissa
1169 1475 1506 1557 oportunis
1561 1477 1858 1544 consiliis
1909 1482 1974 1542 et
2005 1474 2270 1544 auxiliis
2304 1472 2695 1542 assistentes
2717 1529 2733 1562 ,
2783 1479 2916 1546 tuis
2949 1501 3048 1548 sa-

805 1583 1098 1650 lubribus
1130 1584 1464 1650 mandatis
1518 1588 1582 1650 et
1614 1585 1874 1652 monitis
1909 1583 2262 1651 efficaciter
2308 1584 2648 1650 intendere
2701 1588 3047 1675 studeant3

809 1693 904 1758 ita
935 1691 1112 1776 quod
1139 1710 1259 1774 per
1291 1690 1590 1758 effectum
1612 1694 1829 1778 operis
1860 1699 2111 1778 pateat,
2150 1712 2264 1760 eos
2296 1692 2531 1759 bonum
2568 1706 2631 1763 et
2663 1716 3048 1784 prosperum

810 1800 1087 1884 diligere
1121 1805 1367 1866 statum
1401 1802 1647 1885 Regni,
1685 1809 1749 1865 et
1780 1803 2074 1889 ipsorum
2111 1802 2378 1870 devotio
2421 1805 2634 1888 possit
2667 1825 2797 1872 non
2828 1806 3050 1873 imme-

807 1910 934 1975 rito
968 1909 1435 1976 commendari.
1508 1909 1834 1987 Quocirca
1887 1909 2283 1977 fraternitati
2334 1917 2443 1976 tue
2503 1931 2619 1994 per
2669 1915 3054 1998 Apostolica

811 2000 1064 2100 scripta
1096 2014 1487 2083 mandamus
1510 2042 1539 2098 ,‘
1563 2026 1891 2100 quatenus
1928 2018 2106 2084 circa
2137 2017 2437 2104 predicta
2469 2020 2565 2084 sic
2605 2027 2670 2086 te
2703 2022 3053 2105 prudenter

811 2131 878 2190 et
908 2124 1191 2192 sollicite
1223 2144 1458 2207 gerere
1493 2127 1785 2210 studeas,
1825 2132 1895 2192 ut
1927 2129 2248 2210 premium
2284 2127 2524 2194 exinde
2555 2134 2978 2214 consequaris
3018 2156 3052 2199 a

810 2233 1110 2315 Domin0,
1149 2236 1215 2297 et
1246 2253 1289 2298 a
1320 2232 1511 2301 nobis
1547 2233 1748 2320 digne
1801 2235 2388 2302 commendationis
2437 2238 2690 2304 titulum
2723 2243 3054 2310 merearis.

810 2341 1050 2407 Datum
1085 2340 1263 2427 apud
1314 2341 1899 2409 Urbem-Veterem
1933 2344 2082 2409 VII.
2117 2345 2276 2412 Idus
2309 2345 2712 2428 Septembris
2765 2345 3054 2433 (Pontifi-

813 2456 1001 2517 catus
1034 2445 1266 2532 nostri)
1305 2468 1477 2515 anno
1510 2451 1725 2517 tertio.

1027 2591 1103 2655 In
1136 2609 1195 2656 e.
1228 2611 1310 2655 m.
1342 2591 1836 2662 venerabilibus
1872 2593 2183 2663 fratribus
2234 2597 2565 2665 universis
2597 2601 3059 2688 Archiepisco·

812 2700 937 2785 pis,
971 2697 1362 2783 Episcopis,
1417 2709 1485 2767 et
1535 2700 1799 2770 dilectis
1829 2702 1990 2768 filiis
2025 2704 2311 2783 Electis,
2372 2708 2735 2776 Abbatibus
2789 2721 2852 2777 et
2905 2714 3055 2781 aliis

812 2806 1260 2872 Ecclesiarum
1292 2806 1577 2875 Prelatis
1626 2828 1747 2893 per
1800 2810 2092 2894 Regnum
2125 2810 2417 2898 Ungarie
2466 2821 2859 2887 constitutis.
2913 2825 3057 2890 Etsi

810 2917 1114 2983 Romana
1146 2915 1450 2982 Ecclesia
1488 2924 1610 2983 etc.
1645 2925 1717 2984 ut
1750 2937 1951 3001 supra
2000 2940 2209 3004 usque
2244 2929 2309 2987 et
2342 2924 2754 3008 prudentiam
2790 2932 3057 2999 circum-

813 3030 1107 3108 spectam
1129 3073 1145 3105 ,
1182 3032 1381 3109 prout
1414 3027 1602 3095 vobis
1654 3049 1785 3094 non
1822 3029 2217 3095 arbitramur
2250 3032 2652 3116 incognitum
2689 3046 2813 3105 etc.
2847 3061 3057 3126 usque

814 3132 1147 3199 fructuosa
1179 3155 1194 3196 ε
1232 3153 1504 3217 quorum
1538 3134 1766 3219 aliqua
1788 3186 1804 3217 ‚
1836 3145 2031 3221 prout
2067 3140 2307 3205 multos
2341 3161 2423 3206 ex
2456 3146 2686 3226 vobis,
2742 3152 2813 3213 ut
2847 3153 3054 3218 credi-

815 3258 993 3322 muS,
1031 3240 1190 3307 facti
1224 3240 1558 3310 evidentia
1610 3244 1837 3311 docuit
1871 3253 1995 3311 etc.
2031 3266 2240 3327 usque
2295 3250 2658 3318 dinoscitur
2707 3263 3052 3343 oportuna,

813 3347 1259 3415 venerabilem
1294 3347 1562 3416 fratrem
1596 3357 1891 3418 nostrum
1922 3354 1992 3418 B.
2029 3357 2438 3439 Eugubinum
2475 3360 2870 3449 Episcopum
2894 3417 2912 3452 ,
2964 3371 3056 3435 vi-

810 3475 950 3521 rum
985 3456 1203 3538 utique
1235 3457 1581 3541 providum
1616 3465 1684 3523 et
1719 3458 2095 3547 discretum,
2132 3466 2482 3531 zelatorem
2518 3469 2791 3556 iustitie,
2828 3496 2909 3541 ac
2942 3498 3056 3547 no-

812 3565 916 3632 bis
951 3571 1016 3629 et
1046 3563 1360 3629 fratribus
1394 3564 1639 3630 nostris
1676 3573 1797 3632 etc.
1822 3567 2049 3636 verbis
2084 3578 2524 3656 competenter
2548 3584 2812 3647 mutatis
2844 3583 3052 3667 usque

814 3671 1184 3760 providere.
1233 3672 1558 3750 Quocirca
1607 3675 2102 3744 universitatem
2135 3692 2420 3748 vestram
2472 3705 2777 3771 rogamus
2814 3696 2879 3757 et
2909 3694 3052 3761 hor-

815 3788 1028 3847 tamur
1079 3786 1366 3863 attente,
1442 3781 1902 3851 nichilominus
1960 3789 2143 3855 vobis
2195 3811 2313 3874 per
2363 3796 2758 3877 Apostolica
2809 3803 3056 3889 scripta

816 3890 1254 3973 mandantes,
1304 3897 1630 3972 quatenus
1682 3895 1939 3978 Legato
1997 3900 2398 3967 assistentes
2434 3904 2645 3969 eidem
2703 3909 2879 3976 circa
2911 3893 3080 3994 pre?

815 3996 1018 4061 missa
1050 3996 1342 4064 consiliis
1378 4006 1442 4064 et
1476 4001 1741 4067 auxiliis
1763 4009 2122 4088 oportuniS‚
2158 4009 2298 4075 eius
2324 4014 2586 4079 monitis
2621 4021 2688 4080 et
2718 4022 3056 4089 mandatis

818 4103 1195 4174 salubribus
1229 4105 1584 4174 efficaciter
1615 4112 2014 4199 intendatis;
2063 4115 2156 4183 ita
2191 4120 2367 4201 quod
2398 4141 2518 4205 per
2567 4122 2866 4194 effectum
2901 4152 3054 4216 ope-

813 4214 905 4279 ris
935 4218 1162 4297 pateat
1193 4235 1311 4281 vos
1367 4216 1606 4285 bonum
1661 4229 1728 4286 et
1765 4242 2150 4307 prosperum
2199 4226 2480 4312 diligere
2532 4238 2767 4300 statum
2819 4238 3051 4323 Regni,

813 4328 1161 4406 vestraque
1195 4324 1455 4393 devotio
1505 4331 1722 4415 possit
1773 4331 2010 4398 exinde
2043 4354 2176 4401 non
2210 4336 2537 4428 immerito
2588 4348 3052 4417 commendari.

810 4433 1048 4498 Datum
1101 4434 1272 4516 apud
1322 4433 1901 4507 Urbem-Veterem
1933 4440 2040 4506 VI.
2089 4442 2242 4509 Idus
2296 4446 2702 4531 Septembris
2756 4452 3053 4541 (Pontifi-

815 4548 997 4608 catus
1028 4541 1265 4628 nostri)
1301 4564 1474 4611 anno
1510 4548 1723 4614 tertio.
2037 4543 2050 4552 “

1024 4669 1096 4743 In
1133 4691 1188 4738 e.
1212 4694 1297 4750 m.
1337 4673 1591 4748 dilectis
1622 4676 1777 4749 filiis
1809 4679 2141 4752 nobilibus
2172 4682 2328 4757 viris
2358 4687 2650 4759 Ducibus
2672 4742 2689 4775 ,
2725 4674 3053 4764 Marchio-
