3416 5313
1352 408 1504 474 ’127

327 605 528 674 illatis
551 654 568 688 ‚
622 604 976 672 secundum
1009 602 1297 669 vulneris
1329 602 1500 670 illati
1533 602 1965 684 quantitatem
1993 652 2007 676 ‚
2061 609 2275 668 utrum
2308 599 2561 668 scilicet

326 715 560 801 major,
596 715 701 780 vel
729 711 939 781 minor
970 710 1214 780 debeat
1243 711 1536 797 reputari
1577 712 1746 778 lesio
1767 760 1784 793 ‚
1837 716 1903 778 et
1936 729 2053 797 per
2086 729 2279 795 quem
2308 708 2560 777 scilicet

326 821 653 904 «Iudicem,
690 823 795 889 vel
828 821 1114 889 villicum
1151 820 1234 887 de
1267 821 1642 907 hujusmodi
1676 820 1927 888 lesione
1959 820 2387 903 decernatur,
2422 835 2554 884 mo·

326 932 501 1014 dum,
537 938 602 996 et
633 928 1177 1001 consvetudinem
1212 929 1675 1015 Cybiniensem
1708 929 1957 997 eisdem
2011 931 2309 996 volumus
2341 926 2558 994 facere

323 1040 688 1108 observari.
740 1038 843 1105 Ad
875 1041 997 1106 hec
1030 1038 1418 1108 indulsimus
1473 1039 1752 1123 eisdem,
1807 1045 1876 1104 ut
1910 1039 1967 1106 si
2006 1038 2220 1109 Judex
2270 1039 2557 1124 ipsorum

323 1168 443 1235 pro
477 1154 772 1233 tempore
793 1135 1202 1225 constitutus,
1236 1148 1304 1212 in
1349 1146 1746 1233 exhigendis
1767 1145 2059 1233 judiciis,
2093 1165 2209 1215 seu
2233 1144 2385 1212 aliis
2415 1164 2560 1230 gra-

320 1255 694 1326 vaminibus
725 1254 1088 1322 inferendis
1119 1273 1191 1322 se
1229 1253 1534 1322 redderet
1585 1254 1989 1340 pertinacem
2039 1260 2105 1320 et
2138 1273 2460 1343 severum,
2494 1253 2559 1319 in

322 1385 479 1450 quo,
515 1371 581 1430 et
613 1366 680 1430 in
714 1365 948 1448 quibus
985 1364 1260 1431 libertas
1308 1364 1599 1446 ipsorum
1630 1365 2016 1450 populorum
2065 1371 2432 1432 nostrorum
2466 1364 2563 1429 in·

324 1472 527 1557 fringi
557 1473 891 1540 videretur
915 1524 933 1557 ‚
990 1473 1243 1555 absque
1266 1470 1505 1558 judicii
1540 1473 1927 1557 gravamine
1949 1521 1968 1557 ‚
2003 1492 2120 1540 seu
2160 1473 2456 1558 cujusvis
2488 1473 2561 1539 ti-

325 1604 508 1651 more
539 1604 707 1671 pene
739 1603 867 1649 non
901 1582 1207 1649 obstante
1234 1589 1508 1667 possunt
1539 1580 1737 1648 iidem
1772 1582 1994 1667 populi
2029 1583 2239 1650 nostri
2260 1578 2562 1651 Judicem

335 1712 542 1774 suum,
580 1691 790 1757 donec
823 1711 1018 1779 super
1051 1693 1197 1775 ipso
1219 1694 1493 1771 negocio
1529 1711 1648 1757 nos
1682 1693 2042 1771 consulant,
2075 1689 2450 1776 prohibere.
2486 1689 2562 1756 In

337 1801 524 1884 cnjus
585 1801 680 1865 rei
734 1800 1175 1866 testimonium
1247 1806 1309 1864 et
1359 1806 1737 1885 perpetuam
1792 1798 2161 1866 firmitatem
2211 1805 2554 1883 presentes

341 1907 785 1974 concessimus
834 1907 1093 1975 litteras
1145 1907 1348 1992 sigilli
1384 1906 1591 1972 nostri
1623 1908 1976 1973 munimine
2026 1907 2393 1974 roboratas.
2430 1904 2563 1970 Da-

331 2021 467 2081 tum
498 2016 669 2081 Albe
719 2020 956 2097 quarto
1012 2013 1119 2080 die
1171 2015 1702 2083 Resurreccionis
1738 2014 2037 2098 Domini,
2092 2035 2264 2081 anno
2294 2011 2558 2081 Domini

326 2124 443 2189 M0.
482 2122 639 2188 00⁰.
677 2121 1108 2207 nonagesimo
1144 2122 1387 2205 quinto.

440 2316 726 2387 (Teutsch
751 2318 812 2374 es
838 2318 1161 2375 Firnhaber
1182 2358 1196 2385 ,
1232 2318 1603 2375 Urkundenb.
1632 2338 1680 2375 z.
1708 2318 1901 2376 Gesch
1945 2319 2216 2376 Siebenb.
2259 2321 2302 2374 1.
2333 2321 2453 2375 kot.

1349 2409 1468 2465 188.
1494 2408 1554 2478 1.)
