3416 5313
1438 417 1567 482 263
1588 508 1660 518 -

367 632 491 697 ego
524 610 676 680 dedi
709 612 774 678 ei
806 611 1252 699 quadraginta
1279 595 1585 682 marchas
1615 610 1968 680 secundum
2001 615 2177 696 quod
2208 614 2403 682 michi
2436 636 2625 685 man-

364 721 598 789 dastis.
633 717 870 806 (Secus
903 721 1061 806 non)
1095 721 1272 790 dabo
1313 724 1373 788 ei
1403 722 1665 791 unicum
1697 718 2039 789 denarium
2060 769 2079 800 ,
2114 720 2240 790 nisi
2271 728 2620 795 mandare·

361 831 486 914 tis;
522 835 585 896 et
616 826 828 896 adhuc
860 836 960 895 est
1010 830 1253 898 debitis
1304 828 1631 915 obligatus
1680 830 1751 895 in
1782 831 2095 897 tercentis
2144 828 2411 901 florenis
2446 837 2617 904 auri.

361 935 653 1005 Pecunia
683 945 905 1004 vestra
938 943 1038 1004 est
1077 936 1243 1005 bene
1279 937 1509 1022 salva,
1562 944 1628 1004 et
1659 937 1835 1004 ultra
1885 943 2174 1006 vestrum
2229 940 2621 1009 mandatum

361 1067 495 1114 non
529 1045 947 1132 expendetur.
983 1040 1083 1130 (Si
1118 1041 1482 1132 rescivero)
1504 1093 1521 1126 ,
1559 1045 1687 1111 cito
1721 1046 2079 1113 rescribam
2114 1047 2456 1133 MaJestati
2489 1050 2617 1117 Ve-

363 1161 499 1222 stre
532 1153 824 1222 meliora.
859 1153 1180 1222 Dominus
1203 1160 1546 1221 conservet
1576 1170 1694 1220 vos
1713 1173 1970 1232 sanum,
2003 1153 2279 1221 hilarem
2299 1161 2367 1223 et
2388 1158 2618 1243 jocun-

364 1263 519 1330 dum
551 1280 670 1347 per
701 1267 1001 1346 tempora
1032 1260 1352 1345 longiora.
1374 1257 1549 1328 Date
1573 1260 1772 1328 Rome
1791 1260 1998 1328 XXV.
2021 1261 2324 1331 Octobris
2360 1257 2617 1352 (1300.)

688 1472 763 1547 (A
791 1472 1015 1548 „Copia
1042 1476 1113 1532 de
1143 1473 1633 1533 commemoriali“
1663 1475 1707 1532 Ι.
1733 1472 2036 1536 kotctebiil
2061 1473 2159 1534 fol.
2184 1474 2296 1548 54.)

1221 1789 1737 1805 *W

1397 2359 1556 2426 170.

764 2576 1202 2664 Uyyanannak
1235 2597 1349 2664 cqy
1380 2576 1583 2641 mdsik
1613 2575 1987 2642 tudositdsa.
2023 2577 2219 2641 1300.

569 2774 917 2844 Nobilibus
953 2783 1018 2843 et
1072 2775 1447 2862 potentibus
1495 2776 1657 2843 viris
1711 2774 1993 2844 dominis
2028 2775 2282 2844 Phiofio
2335 2778 2608 2845 Mauro-

355 2904 520 2951 ceno
556 2890 623 2949 et
651 2885 1011 2952 Francisco
1067 2882 1437 2951 Gontareno
1461 2931 1477 2965 ,
1513 2882 1906 2968 propinquis
1940 2887 2005 2948 et
2055 2881 2421 2950 fautoribus
2472 2886 2609 2952 Ma-

357 2992 580 3078 gnifici
611 2991 877 3059 Domini
909 2991 1238 3060 Albertini
1273 2993 1671 3059 Mauroceno
1707 2989 1913 3057 Ducis
1955 2992 2307 3059 Sclavonie
2327 3042 2342 3075 ‚
2379 2993 2610 3060 Petrus

356 3101 440 3167 de
471 3105 777 3168 Bonzano
813 3097 893 3166 de
925 3099 1233 3170 Tarvisio
1265 3101 1332 3168 in
1365 3102 1668 3167 Romana
1701 3098 1898 3167 Curia
1933 3099 2247 3180 existens,
2282 3119 2354 3169 se
2388 3101 2606 3185 ipsum

356 3211 531 3279 omni
564 3208 909 3276 felicitate.
966 3206 1271 3295 (Recepi)
1303 3214 1564 3278 vestras
1615 3208 1873 3275 litteras
1929 3209 2378 3292 continentes,
2434 3208 2608 3292 quod

356 3339 504 3386 cum
537 3337 662 3403 ego
700 3335 917 3385 essem
951 3316 1261 3383 Veneciis
1294 3317 1360 3381 in
1391 3318 1584 3384 domo
1621 3315 1786 3382 dicti
1818 3315 2067 3383 domini
2100 3316 2428 3384 Albertini
2451 3367 2468 3401 ‚
2503 3315 2613 3383 de·

355 3427 465 3492 bui
501 3425 752 3494 dixisse
785 3425 924 3492 suis
948 3424 1518 3495 dominacionibus
1555 3420 1985 3511 (magnificis)
2021 3433 2085 3493 et
2119 3423 2326 3491 eciam
2349 3425 2612 3493 domino

358 3534 619 3603 Donato
656 3532 743 3600 de
777 3534 1089 3621 Mamilio,
1125 3552 1270 3600 cum
1303 3531 1425 3601 fuit
1456 3534 1525 3598 in
1561 3534 1802 3620 Curia,
1837 3533 2013 3618 quod
2046 3552 2088 3599 a
2129 3532 2393 3602 domino
2427 3538 2610 3618 Rege

355 3641 698 3728 Hungarie
733 3636 1078 3727 (haberem
1113 3649 1358 3711 certam
1392 3637 1699 3727 pecunie)
1754 3642 2192 3725 quantitatem
2226 3649 2606 3709 converten-

358 3752 513 3819 dam
548 3755 614 3816 et
645 3747 1131 3834 disponendam
1183 3764 1300 3835 pro
1332 3748 1616 3817 utilitate
1667 3755 1734 3816 et
1780 3750 2061 3835 negocio
2112 3748 2355 3818 domini
2386 3748 2611 3818 fratris

355 3857 624 3926 Antonii
658 3857 1014 3943 Episcopi;
1050 3866 1114 3924 et
1146 3857 1323 3940 quod
1355 3857 1412 3923 si
1446 3857 1588 3923 eius
1622 3861 1967 3943 negocium
2012 3878 2139 3925 non
2170 3858 2381 3943 possit
2412 3879 2610 3943 expe-

358 3967 503 4052 diri,
541 3966 717 4051 quod
779 3972 1060 4049 quatuor
1115 3965 1323 4033 millia
1374 3965 1691 4034 librarum
1742 3966 2160 4034 denariorum
2209 3966 2400 4034 vobis
2451 3964 2612 4033 dare

358 4074 662 4143 deberem
715 4094 832 4160 pro
864 4070 1246 4161 (reluendo)
1299 4075 1764 4158 possessiones
1818 4073 1900 4141 de
1932 4073 2307 4163 Brundulo;
2361 4080 2425 4143 et
2456 4074 2614 4160 quia

358 4182 604 4250 dictum
635 4181 969 4264 negocium
1001 4180 1161 4248 dicti
1193 4180 1440 4248 domini
1472 4181 1696 4250 fratris
1729 4180 1998 4248 Antonii
2043 4201 2174 4249 non
2207 4187 2310 4249 est
2341 4182 2610 4268 expedi-

356 4294 533 4374 tum,
564 4308 688 4356 nec
719 4294 944 4375 potest
977 4289 1320 4374 expediri,
1376 4290 1551 4373 quod
1591 4308 1710 4357 vos
1763 4289 2133 4374 miramini,
2188 4291 2367 4375 quod
2398 4290 2612 4361 dictas

358 4403 640 4481 quatuor
673 4396 852 4462 mille
883 4395 1087 4465 libras
1113 4396 1532 4465 denariorum
1555 4395 1741 4466 vobis
1773 4415 1905 4463 non
1938 4398 2101 4479 mid,
2138 4404 2204 4464 et
2224 4398 2396 4481 quod
2427 4399 2611 4484 ipsas

355 4506 548 4573 vobis
583 4501 964 4589 (mitterem)
1000 4525 1119 4591 pro
1155 4511 1334 4571 certo
1359 4530 1375 4591 ;
1412 4504 1586 4589 quod
1607 4503 1907 4571 dominus
1929 4506 2071 4572 Rex
2091 4507 2250 4574 mihi
2283 4527 2414 4574 non
2439 4527 2605 4574 com-

352 4611 557 4694 misit,
593 4613 767 4694 quod
799 4611 1042 4678 dictam
1075 4614 1419 4697 pecuniam
1451 4613 1640 4681 vobis
1674 4612 1927 4697 darem,
1962 4618 2027 4677 et
2059 4634 2182 4699 ego
2218 4613 2455 4680 dictum
2480 4615 2603 4683 Re-

358 4741 504 4806 gem
536 4720 604 4785 in
637 4718 982 4803 presencia
1004 4722 1233 4809 Luysii
1260 4726 1325 4789 et
1344 4721 1589 4788 Turchi
1621 4721 1869 4806 pluries
1902 4724 2152 4807 rogavi,
2188 4720 2364 4805 quod
2397 4720 2611 4793 dictas
