<?xml version="1.0" encoding="UTF-8"?>
<!DOCTYPE html PUBLIC "-//W3C//DTD XHTML 1.0 Transitional//EN"
    "http://www.w3.org/TR/xhtml1/DTD/xhtml1-transitional.dtd">
<html xmlns="http://www.w3.org/1999/xhtml" xml:lang="en" lang="en">
 <head>
  <title>
</title>
<meta http-equiv="Content-Type" content="text/html;charset=utf-8" />
  <meta name='ocr-system' content='tesseract 3.04.00' />
  <meta name='ocr-capabilities' content='ocr_page ocr_carea ocr_par ocr_line ocrx_word'/>
</head>
<body>
  <div class='ocr_page' id='page_1' title='image "./rpdkorijokmnytr01wenzgoog_0057.png"; bbox 0 0 3416 5313; ppageno 0'>
   <div class='ocr_carea' id='block_1_1' title="bbox 1451 386 1536 453">
    <p class='ocr_par' dir='ltr' id='par_1_1' title="bbox 1451 386 1536 453">
     <span class='ocr_line' id='line_1_1' title="bbox 1451 386 1536 453; baseline -0.024 0"><span class='ocrx_word' id='word_1_1' title='bbox 1451 386 1536 453; x_wconf 82' lang='lat'><strong>25</strong></span> 
     </span>
    </p>
   </div>
   <div class='ocr_carea' id='block_1_2' title="bbox 1342 477 1541 488">
    <p class='ocr_par' dir='ltr' id='par_1_2' title="bbox 1342 477 1541 488">
     <span class='ocr_line' id='line_1_2' title="bbox 1342 477 1541 488; baseline 0 4825"><span class='ocrx_word' id='word_1_2' title='bbox 1342 477 1541 488; x_wconf 95' lang='lat' dir='ltr'><strong> </strong></span> 
     </span>
    </p>
   </div>
   <div class='ocr_carea' id='block_1_3' title="bbox 362 582 2616 3601">
    <p class='ocr_par' dir='ltr' id='par_1_3' title="bbox 362 582 2616 3601">
     <span class='ocr_line' id='line_1_3' title="bbox 373 582 2613 670; baseline -0.001 -17"><span class='ocrx_word' id='word_1_3' title='bbox 373 586 670 653; x_wconf 90' lang='lat' dir='ltr'><strong>omnibus</strong></span> <span class='ocrx_word' id='word_1_4' title='bbox 695 582 1088 650; x_wconf 85' lang='lat' dir='ltr'><strong>vtilitatibus</strong></span> <span class='ocrx_word' id='word_1_5' title='bbox 1114 583 1255 649; x_wconf 90' lang='lat' dir='ltr'><strong>suis</strong></span> <span class='ocrx_word' id='word_1_6' title='bbox 1289 589 1355 650; x_wconf 91' lang='lat' dir='ltr'><strong>et</strong></span> <span class='ocrx_word' id='word_1_7' title='bbox 1375 583 1807 670; x_wconf 71' lang='lat' dir='ltr'><strong>pertinenciis</strong></span> <span class='ocrx_word' id='word_1_8' title='bbox 1841 584 2161 651; x_wconf 89' lang='lat' dir='ltr'><strong>vniuersis</strong></span> <span class='ocrx_word' id='word_1_9' title='bbox 2184 586 2307 653; x_wconf 89' lang='lat' dir='ltr'><strong>sub</strong></span> <span class='ocrx_word' id='word_1_10' title='bbox 2333 583 2613 653; x_wconf 86' lang='lat' dir='ltr'><strong>hiisdem</strong></span> 
     </span>
     <span class='ocr_line' id='line_1_4' title="bbox 370 691 2613 777; baseline -0.002 -16"><span class='ocrx_word' id='word_1_11' title='bbox 370 696 564 762; x_wconf 89' lang='lat' dir='ltr'><strong>metis</strong></span> <span class='ocrx_word' id='word_1_12' title='bbox 599 701 663 760; x_wconf 92' lang='lat' dir='ltr'><strong>et</strong></span> <span class='ocrx_word' id='word_1_13' title='bbox 697 691 1016 769; x_wconf 90' lang='lat' dir='ltr'><strong>terminis,</strong></span> <span class='ocrx_word' id='word_1_14' title='bbox 1049 693 1170 760; x_wconf 90' lang='lat' dir='ltr'><strong>sub</strong></span> <span class='ocrx_word' id='word_1_15' title='bbox 1196 692 1435 776; x_wconf 91' lang='lat' dir='ltr'><strong>quibus</strong></span> <span class='ocrx_word' id='word_1_16' title='bbox 1470 712 1583 776; x_wconf 87' lang='lat' dir='ltr'><strong>per</strong></span> <span class='ocrx_word' id='word_1_17' title='bbox 1608 694 1873 760; x_wconf 91' lang='lat' dir='ltr'><strong>eosdem</strong></span> <span class='ocrx_word' id='word_1_18' title='bbox 1907 694 2203 777; x_wconf 80' lang='lat' dir='ltr'>hospites</span> <span class='ocrx_word' id='word_1_19' title='bbox 2228 692 2405 760; x_wconf 88' lang='lat' dir='ltr'><strong>dicta</strong></span> <span class='ocrx_word' id='word_1_20' title='bbox 2437 699 2613 759; x_wconf 88' lang='lat' dir='ltr'><strong>terra</strong></span> 
     </span>
     <span class='ocr_line' id='line_1_5' title="bbox 369 801 2608 889; baseline -0.001 -19"><span class='ocrx_word' id='word_1_21' title='bbox 369 804 655 870; x_wconf 89' lang='lat' dir='ltr'><strong>limitata</strong></span> <span class='ocrx_word' id='word_1_22' title='bbox 690 804 904 869; x_wconf 88' lang='lat' dir='ltr'><strong>fuerat</strong></span> <span class='ocrx_word' id='word_1_23' title='bbox 936 820 1054 869; x_wconf 91' lang='lat' dir='ltr'><strong>seu</strong></span> <span class='ocrx_word' id='word_1_24' title='bbox 1084 821 1431 888; x_wconf 87' lang='lat' dir='ltr'><strong>possessa,</strong></span> <span class='ocrx_word' id='word_1_25' title='bbox 1469 807 1535 869; x_wconf 88' lang='lat' dir='ltr'><strong>et</strong></span> <span class='ocrx_word' id='word_1_26' title='bbox 1566 807 1635 867; x_wconf 87' lang='lat' dir='ltr'><strong>ut</strong></span> <span class='ocrx_word' id='word_1_27' title='bbox 1667 803 1898 889; x_wconf 91' lang='lat' dir='ltr'><strong>populi</strong></span> <span class='ocrx_word' id='word_1_28' title='bbox 1931 801 2127 868; x_wconf 90' lang='lat' dir='ltr'><strong>liberi</strong></span> <span class='ocrx_word' id='word_1_29' title='bbox 2157 801 2290 868; x_wconf 86' lang='lat' dir='ltr'><strong>sint</strong></span> <span class='ocrx_word' id='word_1_30' title='bbox 2322 802 2408 869; x_wconf 86' lang='lat' dir='ltr'><strong>ab</strong></span> <span class='ocrx_word' id='word_1_31' title='bbox 2442 805 2608 869; x_wconf 89' lang='lat' dir='ltr'><strong>omni</strong></span> 
     </span>
     <span class='ocr_line' id='line_1_6' title="bbox 368 910 2612 999; baseline -0.001 -19"><span class='ocrx_word' id='word_1_32' title='bbox 368 914 617 980; x_wconf 79' lang='lat' dir='ltr'><strong>honere</strong></span> <span class='ocrx_word' id='word_1_33' title='bbox 669 912 1032 999; x_wconf 83' lang='lat' dir='ltr'><strong>castrensi,</strong></span> <span class='ocrx_word' id='word_1_34' title='bbox 1085 912 1173 977; x_wconf 88' lang='lat' dir='ltr'><strong>ad</strong></span> <span class='ocrx_word' id='word_1_35' title='bbox 1222 913 1434 998; x_wconf 80' lang='lat' dir='ltr'><strong>ipsam</strong></span> <span class='ocrx_word' id='word_1_36' title='bbox 1487 916 1732 979; x_wconf 89' lang='lat' dir='ltr'><strong>terram</strong></span> <span class='ocrx_word' id='word_1_37' title='bbox 1785 910 2010 977; x_wconf 85' lang='lat' dir='ltr'><strong>venire</strong></span> <span class='ocrx_word' id='word_1_38' title='bbox 2061 912 2363 979; x_wconf 87' lang='lat' dir='ltr'><strong>volentes</strong></span> <span class='ocrx_word' id='word_1_39' title='bbox 2413 930 2612 979; x_wconf 88' lang='lat' dir='ltr'><strong>eausa</strong></span> 
     </span>
     <span class='ocr_line' id='line_1_7' title="bbox 370 1017 2614 1103; baseline 0 -17"><span class='ocrx_word' id='word_1_40' title='bbox 370 1019 852 1099; x_wconf 87' lang='lat' dir='ltr'><strong>commorandi,</strong></span> <span class='ocrx_word' id='word_1_41' title='bbox 905 1018 1130 1087; x_wconf 88' lang='lat' dir='ltr'><strong>habito</strong></span> <span class='ocrx_word' id='word_1_42' title='bbox 1188 1017 1461 1088; x_wconf 90' lang='lat' dir='ltr'><strong>consilio</strong></span> <span class='ocrx_word' id='word_1_43' title='bbox 1515 1017 1796 1085; x_wconf 92' lang='lat' dir='ltr'><strong>omnium</strong></span> <span class='ocrx_word' id='word_1_44' title='bbox 1850 1019 2177 1086; x_wconf 91' lang='lat' dir='ltr'><strong>Baronum</strong></span> <span class='ocrx_word' id='word_1_45' title='bbox 2229 1024 2614 1103; x_wconf 84' lang='lat' dir='ltr'><strong>nostrorum,</strong></span> 
     </span>
     <span class='ocr_line' id='line_1_8' title="bbox 369 1125 2609 1215; baseline -0 -20"><span class='ocrx_word' id='word_1_46' title='bbox 369 1132 481 1212; x_wconf 91' lang='lat' dir='ltr'><strong>qui</strong></span> <span class='ocrx_word' id='word_1_47' title='bbox 514 1135 852 1213; x_wconf 80' lang='lat' dir='ltr'><strong>presentes</strong></span> <span class='ocrx_word' id='word_1_48' title='bbox 876 1127 1172 1208; x_wconf 85' lang='lat' dir='ltr'><strong>aderant,</strong></span> <span class='ocrx_word' id='word_1_49' title='bbox 1204 1126 1504 1213; x_wconf 86' lang='lat' dir='ltr'><strong>predicto</strong></span> <span class='ocrx_word' id='word_1_50' title='bbox 1538 1126 1773 1196; x_wconf 83' lang='lat' dir='ltr'><strong>Comiti</strong></span> <span class='ocrx_word' id='word_1_51' title='bbox 1798 1125 2176 1215; x_wconf 78' lang='lat' dir='ltr'><strong>Gyarmano</strong></span> <span class='ocrx_word' id='word_1_52' title='bbox 2214 1134 2280 1194; x_wconf 90' lang='lat' dir='ltr'><strong>et</strong></span> <span class='ocrx_word' id='word_1_53' title='bbox 2311 1146 2427 1215; x_wconf 87' lang='lat' dir='ltr'><strong>per</strong></span> <span class='ocrx_word' id='word_1_54' title='bbox 2459 1147 2609 1195; x_wconf 91' lang='lat' dir='ltr'><strong>eum</strong></span> 
     </span>
     <span class='ocr_line' id='line_1_9' title="bbox 367 1236 2608 1320; baseline 0 -16"><span class='ocrx_word' id='word_1_55' title='bbox 367 1238 509 1304; x_wconf 92' lang='lat' dir='ltr'><strong>suis</strong></span> <span class='ocrx_word' id='word_1_56' title='bbox 542 1236 894 1305; x_wconf 79' lang='lat' dir='ltr'><strong>heredibus</strong></span> <span class='ocrx_word' id='word_1_57' title='bbox 945 1236 1382 1319; x_wconf 89' lang='lat' dir='ltr'><strong>heredumque</strong></span> <span class='ocrx_word' id='word_1_58' title='bbox 1435 1255 1694 1302; x_wconf 91' lang='lat' dir='ltr'><strong>suorum</strong></span> <span class='ocrx_word' id='word_1_59' title='bbox 1748 1236 2237 1304; x_wconf 87' lang='lat' dir='ltr'><strong>suecessoribus</strong></span> <span class='ocrx_word' id='word_1_60' title='bbox 2291 1238 2608 1320; x_wconf 84' lang='lat' dir='ltr'><strong>dedimus,</strong></span> 
     </span>
     <span class='ocr_line' id='line_1_10' title="bbox 370 1345 2614 1430; baseline -0 -18"><span class='ocrx_word' id='word_1_61' title='bbox 370 1345 766 1414; x_wconf 88' lang='lat' dir='ltr'><strong>donauimus</strong></span> <span class='ocrx_word' id='word_1_62' title='bbox 818 1353 883 1414; x_wconf 91' lang='lat' dir='ltr'><strong>et</strong></span> <span class='ocrx_word' id='word_1_63' title='bbox 934 1345 1319 1411; x_wconf 90' lang='lat' dir='ltr'><strong>contulimus</strong></span> <span class='ocrx_word' id='word_1_64' title='bbox 1370 1345 1514 1411; x_wconf 89' lang='lat' dir='ltr'><strong>iure</strong></span> <span class='ocrx_word' id='word_1_65' title='bbox 1585 1351 1905 1430; x_wconf 89' lang='lat' dir='ltr'><strong>perpetuo</strong></span> <span class='ocrx_word' id='word_1_66' title='bbox 1958 1353 2025 1411; x_wconf 92' lang='lat' dir='ltr'><strong>et</strong></span> <span class='ocrx_word' id='word_1_67' title='bbox 2087 1345 2614 1414; x_wconf 86' lang='lat' dir='ltr'><strong>irreuocabiliter</strong></span> 
     </span>
     <span class='ocr_line' id='line_1_11' title="bbox 367 1454 2614 1541; baseline -0.002 -18"><span class='ocrx_word' id='word_1_68' title='bbox 367 1455 839 1541; x_wconf 85' lang='lat' dir='ltr'><strong>possidendam</strong></span> <span class='ocrx_word' id='word_1_69' title='bbox 876 1460 939 1520; x_wconf 92' lang='lat' dir='ltr'><strong>et</strong></span> <span class='ocrx_word' id='word_1_70' title='bbox 987 1456 1376 1523; x_wconf 82' lang='lat' dir='ltr'><strong>habendam.</strong></span> <span class='ocrx_word' id='word_1_71' title='bbox 1419 1456 1494 1520; x_wconf 91' lang='lat' dir='ltr'><strong>In</strong></span> <span class='ocrx_word' id='word_1_72' title='bbox 1533 1454 1717 1522; x_wconf 91' lang='lat' dir='ltr'><strong>cuius</strong></span> <span class='ocrx_word' id='word_1_73' title='bbox 1749 1454 1847 1521; x_wconf 88' lang='lat' dir='ltr'><strong>rei</strong></span> <span class='ocrx_word' id='word_1_74' title='bbox 1898 1454 2277 1522; x_wconf 88' lang='lat' dir='ltr'><strong>memoriam</strong></span> <span class='ocrx_word' id='word_1_75' title='bbox 2316 1462 2614 1541; x_wconf 89' lang='lat' dir='ltr'><strong>perpetu-</strong></span> 
     </span>
     <span class='ocr_line' id='line_1_12' title="bbox 367 1563 2611 1649; baseline 0.001 -21"><span class='ocrx_word' id='word_1_76' title='bbox 367 1585 604 1649; x_wconf 83' lang='lat' dir='ltr'><strong>amque</strong></span> <span class='ocrx_word' id='word_1_77' title='bbox 637 1563 1010 1631; x_wconf 84' lang='lat' dir='ltr'><strong>firmitatem</strong></span> <span class='ocrx_word' id='word_1_78' title='bbox 1042 1573 1383 1649; x_wconf 77' lang='lat' dir='ltr'><strong>presentes</strong></span> <span class='ocrx_word' id='word_1_79' title='bbox 1404 1564 1847 1630; x_wconf 80' lang='lat' dir='ltr'><strong>concessimus</strong></span> <span class='ocrx_word' id='word_1_80' title='bbox 1881 1565 2134 1631; x_wconf 87' lang='lat' dir='ltr'><strong>litteras</strong></span> <span class='ocrx_word' id='word_1_81' title='bbox 2168 1563 2494 1648; x_wconf 89' lang='lat' dir='ltr'><strong>dupplicis</strong></span> <span class='ocrx_word' id='word_1_82' title='bbox 2527 1564 2611 1633; x_wconf 91' lang='lat' dir='ltr'><strong>si-</strong></span> 
     </span>
     <span class='ocr_line' id='line_1_13' title="bbox 366 1671 2613 1758; baseline 0 -23"><span class='ocrx_word' id='word_1_83' title='bbox 366 1673 513 1754; x_wconf 84' lang='lat' dir='ltr'><strong>gilli</strong></span> <span class='ocrx_word' id='word_1_84' title='bbox 564 1674 768 1739; x_wconf 83' lang='lat' dir='ltr'><strong>nostri</strong></span> <span class='ocrx_word' id='word_1_85' title='bbox 820 1673 1170 1738; x_wconf 89' lang='lat' dir='ltr'><strong>munimine</strong></span> <span class='ocrx_word' id='word_1_86' title='bbox 1203 1673 1568 1739; x_wconf 82' lang='lat' dir='ltr'><strong>roboratas.</strong></span> <span class='ocrx_word' id='word_1_87' title='bbox 1609 1671 1850 1739; x_wconf 85' lang='lat' dir='ltr'><strong>Datum</strong></span> <span class='ocrx_word' id='word_1_88' title='bbox 1893 1693 2010 1758; x_wconf 87' lang='lat' dir='ltr'><strong>per</strong></span> <span class='ocrx_word' id='word_1_89' title='bbox 2060 1692 2295 1741; x_wconf 88' lang='lat' dir='ltr'><strong>manus</strong></span> <span class='ocrx_word' id='word_1_90' title='bbox 2344 1690 2613 1739; x_wconf 86' lang='lat' dir='ltr'><strong>venera-</strong></span> 
     </span>
     <span class='ocr_line' id='line_1_14' title="bbox 365 1779 2614 1866; baseline -0.001 -18"><span class='ocrx_word' id='word_1_91' title='bbox 365 1781 525 1848; x_wconf 91' lang='lat' dir='ltr'><strong>bilis</strong></span> <span class='ocrx_word' id='word_1_92' title='bbox 559 1781 682 1846; x_wconf 84' lang='lat' dir='ltr'><strong>viri</strong></span> <span class='ocrx_word' id='word_1_93' title='bbox 714 1781 1015 1865; x_wconf 82' lang='lat' dir='ltr'><strong>magistri</strong></span> <span class='ocrx_word' id='word_1_94' title='bbox 1049 1780 1377 1848; x_wconf 87' lang='lat' dir='ltr'><strong>Theodori</strong></span> <span class='ocrx_word' id='word_1_95' title='bbox 1410 1780 1723 1849; x_wconf 89' lang='lat' dir='ltr'><strong>Albensis</strong></span> <span class='ocrx_word' id='word_1_96' title='bbox 1760 1780 2057 1848; x_wconf 86' lang='lat' dir='ltr'><strong>Ecclesie</strong></span> <span class='ocrx_word' id='word_1_97' title='bbox 2090 1779 2415 1866; x_wconf 89' lang='lat' dir='ltr'><strong>Prepositi</strong></span> <span class='ocrx_word' id='word_1_98' title='bbox 2465 1781 2614 1846; x_wconf 89' lang='lat' dir='ltr'><strong>aule</strong></span> 
     </span>
     <span class='ocr_line' id='line_1_15' title="bbox 364 1888 2614 1974; baseline -0 -21"><span class='ocrx_word' id='word_1_99' title='bbox 364 1897 588 1956; x_wconf 91' lang='lat' dir='ltr'><strong>nostre</strong></span> <span class='ocrx_word' id='word_1_100' title='bbox 618 1889 1208 1973; x_wconf 81' lang='lat' dir='ltr'><strong>Vice·Cancellarij</strong></span> <span class='ocrx_word' id='word_1_101' title='bbox 1246 1889 1470 1956; x_wconf 88' lang='lat' dir='ltr'><strong>dilecti</strong></span> <span class='ocrx_word' id='word_1_102' title='bbox 1505 1895 1571 1956; x_wconf 88' lang='lat' dir='ltr'><strong>et</strong></span> <span class='ocrx_word' id='word_1_103' title='bbox 1603 1889 1821 1956; x_wconf 87' lang='lat' dir='ltr'><strong>fidelis</strong></span> <span class='ocrx_word' id='word_1_104' title='bbox 1858 1890 2104 1974; x_wconf 88' lang='lat' dir='ltr'><strong>nostri,</strong></span> <span class='ocrx_word' id='word_1_105' title='bbox 2141 1909 2314 1956; x_wconf 87' lang='lat' dir='ltr'><strong>anno</strong></span> <span class='ocrx_word' id='word_1_106' title='bbox 2349 1888 2614 1956; x_wconf 88' lang='lat' dir='ltr'><strong>Domini</strong></span> 
     </span>
     <span class='ocr_line' id='line_1_16' title="bbox 364 1996 2614 2084; baseline 0 -22"><span class='ocrx_word' id='word_1_107' title='bbox 364 1997 717 2064; x_wconf 87' lang='lat' dir='ltr'><strong>millesimo</strong></span> <span class='ocrx_word' id='word_1_108' title='bbox 740 1996 1182 2063; x_wconf 90' lang='lat' dir='ltr'><strong>ducentesimo</strong></span> <span class='ocrx_word' id='word_1_109' title='bbox 1217 1998 1648 2077; x_wconf 85' lang='lat' dir='ltr'><strong>nonagesimo</strong></span> <span class='ocrx_word' id='word_1_110' title='bbox 1673 1998 1906 2084; x_wconf 89' lang='lat' dir='ltr'><strong>primo,</strong></span> <span class='ocrx_word' id='word_1_111' title='bbox 1939 1999 2150 2080; x_wconf 86' lang='lat' dir='ltr'><strong>Regni</strong></span> <span class='ocrx_word' id='word_1_112' title='bbox 2172 2004 2388 2066; x_wconf 87' lang='lat' dir='ltr'><strong>autem</strong></span> <span class='ocrx_word' id='word_1_113' title='bbox 2409 1996 2614 2063; x_wconf 87' lang='lat' dir='ltr'><strong>nostri</strong></span> 
     </span>
     <span class='ocr_line' id='line_1_17' title="bbox 366 2104 2615 2192; baseline -0 -22"><span class='ocrx_word' id='word_1_114' title='bbox 366 2127 545 2171; x_wconf 89' lang='lat' dir='ltr'><strong>anno</strong></span> <span class='ocrx_word' id='word_1_115' title='bbox 578 2104 809 2190; x_wconf 74' lang='lat' dir='ltr'><strong>primo,</strong></span> <span class='ocrx_word' id='word_1_116' title='bbox 865 2106 1368 2173; x_wconf 80' lang='lat' dir='ltr'><strong>venerabilibus</strong></span> <span class='ocrx_word' id='word_1_117' title='bbox 1399 2107 1695 2192; x_wconf 85' lang='lat' dir='ltr'><strong>patribus</strong></span> <span class='ocrx_word' id='word_1_118' title='bbox 1737 2106 2126 2175; x_wconf 89' lang='lat' dir='ltr'><strong>Lodomerio</strong></span> <span class='ocrx_word' id='word_1_119' title='bbox 2162 2106 2615 2192; x_wconf 85' lang='lat' dir='ltr'><strong>Strigoniensi,</strong></span> 
     </span>
     <span class='ocr_line' id='line_1_18' title="bbox 364 2214 2615 2301; baseline -0.001 -20"><span class='ocrx_word' id='word_1_120' title='bbox 364 2215 672 2281; x_wconf 88' lang='lat' dir='ltr'><strong>Jobanne</strong></span> <span class='ocrx_word' id='word_1_121' title='bbox 705 2214 1047 2283; x_wconf 84' lang='lat' dir='ltr'><strong>Colocensi</strong></span> <span class='ocrx_word' id='word_1_122' title='bbox 1102 2224 1166 2281; x_wconf 91' lang='lat' dir='ltr'><strong>et</strong></span> <span class='ocrx_word' id='word_1_123' title='bbox 1199 2216 1504 2282; x_wconf 88' lang='lat' dir='ltr'><strong>Johanne</strong></span> <span class='ocrx_word' id='word_1_124' title='bbox 1536 2215 1921 2301; x_wconf 77' lang='lat' dir='ltr'><strong>Spalatensi</strong></span> <span class='ocrx_word' id='word_1_125' title='bbox 1954 2217 2080 2282; x_wconf 90' lang='lat' dir='ltr'><strong>Dei</strong></span> <span class='ocrx_word' id='word_1_126' title='bbox 2128 2216 2358 2300; x_wconf 81' lang='lat' dir='ltr'><strong>gracia</strong></span> <span class='ocrx_word' id='word_1_127' title='bbox 2390 2214 2615 2282; x_wconf 89' lang='lat' dir='ltr'><strong>Archi·</strong></span> 
     </span>
     <span class='ocr_line' id='line_1_19' title="bbox 365 2321 2612 2409; baseline -0.002 -18"><span class='ocrx_word' id='word_1_128' title='bbox 365 2324 717 2409; x_wconf 88' lang='lat' dir='ltr'><strong>episcopis,</strong></span> <span class='ocrx_word' id='word_1_129' title='bbox 753 2325 943 2390; x_wconf 87' lang='lat' dir='ltr'><strong>Petro</strong></span> <span class='ocrx_word' id='word_1_130' title='bbox 963 2321 1425 2407; x_wconf 64' lang='lat' dir='ltr'><strong>Transiluano„</strong></span> <span class='ocrx_word' id='word_1_131' title='bbox 1454 2322 1719 2390; x_wconf 87' lang='lat' dir='ltr'><strong>Andrea</strong></span> <span class='ocrx_word' id='word_1_132' title='bbox 1753 2324 2081 2408; x_wconf 86' lang='lat' dir='ltr'><strong>Agriensi,</strong></span> <span class='ocrx_word' id='word_1_133' title='bbox 2104 2322 2423 2409; x_wconf 82' lang='lat' dir='ltr'><strong>Gregorio</strong></span> <span class='ocrx_word' id='word_1_134' title='bbox 2447 2322 2612 2389; x_wconf 84' lang='lat' dir='ltr'><strong>Cha·</strong></span> 
     </span>
     <span class='ocr_line' id='line_1_20' title="bbox 365 2429 2615 2516; baseline 0.001 -20"><span class='ocrx_word' id='word_1_135' title='bbox 365 2429 693 2514; x_wconf 84' lang='lat' dir='ltr'><strong>nadiensi‚</strong></span> <span class='ocrx_word' id='word_1_136' title='bbox 726 2430 995 2498; x_wconf 89' lang='lat' dir='ltr'><strong>Andrea</strong></span> <span class='ocrx_word' id='word_1_137' title='bbox 1027 2432 1379 2516; x_wconf 85' lang='lat' dir='ltr'><strong>Jauriensi,</strong></span> <span class='ocrx_word' id='word_1_138' title='bbox 1412 2431 1773 2498; x_wconf 88' lang='lat' dir='ltr'><strong>Benedicto</strong></span> <span class='ocrx_word' id='word_1_139' title='bbox 1808 2431 2255 2514; x_wconf 79' lang='lat' dir='ltr'><strong>waradiensi,</strong></span> <span class='ocrx_word' id='word_1_140' title='bbox 2293 2429 2615 2499; x_wconf 89' lang='lat' dir='ltr'><strong>Ladizlao</strong></span> 
     </span>
     <span class='ocr_line' id='line_1_21' title="bbox 362 2539 2612 2627; baseline 0 -22"><span class='ocrx_word' id='word_1_141' title='bbox 362 2539 743 2605; x_wconf 84' lang='lat' dir='ltr'><strong>Wachiensi</strong></span> <span class='ocrx_word' id='word_1_142' title='bbox 765 2590 782 2622; x_wconf 90' lang='lat'><em>‚</em></span> <span class='ocrx_word' id='word_1_143' title='bbox 818 2541 1183 2607; x_wconf 86' lang='lat' dir='ltr'><strong>Benedicto</strong></span> <span class='ocrx_word' id='word_1_144' title='bbox 1219 2539 1755 2627; x_wconf 85' lang='lat' dir='ltr'><strong>Wesprimiensi‚</strong></span> <span class='ocrx_word' id='word_1_145' title='bbox 1811 2540 2113 2607; x_wconf 88' lang='lat' dir='ltr'><strong>Johanne</strong></span> <span class='ocrx_word' id='word_1_146' title='bbox 2155 2540 2612 2625; x_wconf 85' lang='lat' dir='ltr'><strong>Zagrabiensi,</strong></span> 
     </span>
     <span class='ocr_line' id='line_1_22' title="bbox 365 2646 2614 2736; baseline 0.002 -24"><span class='ocrx_word' id='word_1_147' title='bbox 365 2647 595 2713; x_wconf 87' lang='lat' dir='ltr'><strong>Pouka</strong></span> <span class='ocrx_word' id='word_1_148' title='bbox 629 2646 1028 2732; x_wconf 87' lang='lat' dir='ltr'><strong>Syrmiensi‚</strong></span> <span class='ocrx_word' id='word_1_149' title='bbox 1081 2658 1148 2716; x_wconf 91' lang='lat' dir='ltr'><strong>et</strong></span> <span class='ocrx_word' id='word_1_150' title='bbox 1189 2651 1402 2716; x_wconf 88' lang='lat' dir='ltr'><strong>Pasca</strong></span> <span class='ocrx_word' id='word_1_151' title='bbox 1454 2649 1776 2717; x_wconf 88' lang='lat' dir='ltr'><strong>Nitriensi</strong></span> <span class='ocrx_word' id='word_1_152' title='bbox 1831 2648 2221 2736; x_wconf 85' lang='lat' dir='ltr'><strong>Episcopis,</strong></span> <span class='ocrx_word' id='word_1_153' title='bbox 2275 2648 2614 2718; x_wconf 86' lang='lat' dir='ltr'><strong>Ecclesias</strong></span> 
     </span>
     <span class='ocr_line' id='line_1_23' title="bbox 363 2754 2613 2843; baseline -0.001 -21"><span class='ocrx_word' id='word_1_154' title='bbox 363 2754 495 2822; x_wconf 90' lang='lat' dir='ltr'><strong>Dei</strong></span> <span class='ocrx_word' id='word_1_155' title='bbox 525 2754 804 2822; x_wconf 86' lang='lat' dir='ltr'><strong>feliciter</strong></span> <span class='ocrx_word' id='word_1_156' title='bbox 836 2757 1372 2839; x_wconf 82' lang='lat' dir='ltr'><strong>gubernantibus.</strong></span> <span class='ocrx_word' id='word_1_157' title='bbox 1407 2758 1713 2824; x_wconf 90' lang='lat' dir='ltr'><strong>Jobanne</strong></span> <span class='ocrx_word' id='word_1_158' title='bbox 1744 2758 2061 2843; x_wconf 87' lang='lat' dir='ltr'><strong>Magistro</strong></span> <span class='ocrx_word' id='word_1_159' title='bbox 2097 2758 2613 2825; x_wconf 86' lang='lat' dir='ltr'><strong>Tauarnicorum</strong></span> 
     </span>
     <span class='ocr_line' id='line_1_24' title="bbox 368 2865 2615 2951; baseline 0.002 -22"><span class='ocrx_word' id='word_1_160' title='bbox 368 2870 734 2929; x_wconf 87' lang='lat' dir='ltr'><strong>nostrorum</strong></span> <span class='ocrx_word' id='word_1_161' title='bbox 772 2872 836 2931; x_wconf 91' lang='lat' dir='ltr'><strong>et</strong></span> <span class='ocrx_word' id='word_1_162' title='bbox 871 2866 1127 2934; x_wconf 86' lang='lat' dir='ltr'><strong>Comite</strong></span> <span class='ocrx_word' id='word_1_163' title='bbox 1151 2867 1603 2951; x_wconf 87' lang='lat' dir='ltr'><strong>Supruniensi,</strong></span> <span class='ocrx_word' id='word_1_164' title='bbox 1637 2867 1912 2932; x_wconf 90' lang='lat' dir='ltr'><strong>Nicolao</strong></span> <span class='ocrx_word' id='word_1_165' title='bbox 1938 2867 2242 2933; x_wconf 88' lang='lat' dir='ltr'><strong>Palatino</strong></span> <span class='ocrx_word' id='word_1_166' title='bbox 2278 2874 2343 2933; x_wconf 90' lang='lat' dir='ltr'><strong>et</strong></span> <span class='ocrx_word' id='word_1_167' title='bbox 2365 2865 2615 2933; x_wconf 86' lang='lat' dir='ltr'><strong>Comite</strong></span> 
     </span>
     <span class='ocr_line' id='line_1_25' title="bbox 368 2970 2614 3063; baseline 0.003 -25"><span class='ocrx_word' id='word_1_168' title='bbox 368 2970 816 3057; x_wconf 72' lang='lat' dir='ltr'><strong>symigiensi,</strong></span> <span class='ocrx_word' id='word_1_169' title='bbox 852 2973 1134 3042; x_wconf 82' lang='lat' dir='ltr'><strong>Henrico</strong></span> <span class='ocrx_word' id='word_1_170' title='bbox 1167 2977 1352 3040; x_wconf 78' lang='lat' dir='ltr'><strong>Bano</strong></span> <span class='ocrx_word' id='word_1_171' title='bbox 1385 2979 1594 3042; x_wconf 81' lang='lat' dir='ltr'><strong>tocius</strong></span> <span class='ocrx_word' id='word_1_172' title='bbox 1630 2975 2002 3052; x_wconf 87' lang='lat' dir='ltr'><strong>Sclauonie‚</strong></span> <span class='ocrx_word' id='word_1_173' title='bbox 2036 2976 2337 3043; x_wconf 84' lang='lat' dir='ltr'><strong>Rolando</strong></span> <span class='ocrx_word' id='word_1_174' title='bbox 2372 2974 2614 3063; x_wconf 86' lang='lat' dir='ltr'><strong>Woya·</strong></span> 
     </span>
     <span class='ocr_line' id='line_1_26' title="bbox 369 3078 2616 3169; baseline 0.002 -23"><span class='ocrx_word' id='word_1_175' title='bbox 369 3078 549 3146; x_wconf 84' lang='lat' dir='ltr'><strong>uoda</strong></span> <span class='ocrx_word' id='word_1_176' title='bbox 571 3080 1037 3167; x_wconf 83' lang='lat' dir='ltr'><strong>Transyluano</strong></span> <span class='ocrx_word' id='word_1_177' title='bbox 1071 3088 1132 3147; x_wconf 89' lang='lat' dir='ltr'><strong>et</strong></span> <span class='ocrx_word' id='word_1_178' title='bbox 1167 3082 1411 3148; x_wconf 86' lang='lat' dir='ltr'><strong>Comite</strong></span> <span class='ocrx_word' id='word_1_179' title='bbox 1435 3082 1519 3148; x_wconf 93' lang='lat' dir='ltr'><strong>de</strong></span> <span class='ocrx_word' id='word_1_180' title='bbox 1549 3083 1803 3165; x_wconf 85' lang='lat' dir='ltr'><strong>Zonuk‚</strong></span> <span class='ocrx_word' id='word_1_181' title='bbox 1832 3084 2076 3168; x_wconf 83' lang='lat' dir='ltr'><strong>Mykou</strong></span> <span class='ocrx_word' id='word_1_182' title='bbox 2100 3084 2413 3165; x_wconf 84' lang='lat' dir='ltr'><strong>Magistro</strong></span> <span class='ocrx_word' id='word_1_183' title='bbox 2447 3086 2616 3169; x_wconf 87' lang='lat' dir='ltr'><strong>Aga·</strong></span> 
     </span>
     <span class='ocr_line' id='line_1_27' title="bbox 363 3190 2613 3279; baseline 0.004 -27"><span class='ocrx_word' id='word_1_184' title='bbox 363 3206 595 3252; x_wconf 83' lang='lat' dir='ltr'><strong>sonum</strong></span> <span class='ocrx_word' id='word_1_185' title='bbox 630 3195 1015 3257; x_wconf 80' lang='lat' dir='ltr'><strong>nostrorum.</strong></span> <span class='ocrx_word' id='word_1_186' title='bbox 1047 3190 1362 3265; x_wconf 84' lang='lat' dir='ltr'><strong>Ladizlao</strong></span> <span class='ocrx_word' id='word_1_187' title='bbox 1396 3191 1528 3258; x_wconf 89' lang='lat' dir='ltr'><strong>filio</strong></span> <span class='ocrx_word' id='word_1_188' title='bbox 1550 3193 1869 3279; x_wconf 81' lang='lat' dir='ltr'><strong>Stephani</strong></span> <span class='ocrx_word' id='word_1_189' title='bbox 1904 3192 2224 3276; x_wconf 84' lang='lat' dir='ltr'><strong>Magistro</strong></span> <span class='ocrx_word' id='word_1_190' title='bbox 2262 3194 2613 3276; x_wconf 83' lang='lat' dir='ltr'><strong>Dapifero-</strong></span> 
     </span>
     <span class='ocr_line' id='line_1_28' title="bbox 364 3299 2609 3386; baseline 0.003 -25"><span class='ocrx_word' id='word_1_191' title='bbox 364 3316 508 3361; x_wconf 92' lang='lat' dir='ltr'><strong>rum</strong></span> <span class='ocrx_word' id='word_1_192' title='bbox 558 3305 955 3380; x_wconf 89' lang='lat' dir='ltr'><strong>nostrorum,</strong></span> <span class='ocrx_word' id='word_1_193' title='bbox 1025 3299 1272 3369; x_wconf 87' lang='lat' dir='ltr'><strong>Jacobo</strong></span> <span class='ocrx_word' id='word_1_194' title='bbox 1322 3302 1645 3384; x_wconf 84' lang='lat' dir='ltr'><strong>Magistro</strong></span> <span class='ocrx_word' id='word_1_195' title='bbox 1696 3302 2166 3368; x_wconf 86' lang='lat' dir='ltr'><strong>Pincernarum</strong></span> <span class='ocrx_word' id='word_1_196' title='bbox 2216 3307 2609 3386; x_wconf 89' lang='lat' dir='ltr'><strong>nostrorum,</strong></span> 
     </span>
     <span class='ocr_line' id='line_1_29' title="bbox 373 3404 2611 3497; baseline 0.004 -28"><span class='ocrx_word' id='word_1_197' title='bbox 373 3404 692 3488; x_wconf 83' lang='lat' dir='ltr'><strong>Gregorio</strong></span> <span class='ocrx_word' id='word_1_198' title='bbox 727 3407 911 3473; x_wconf 89' lang='lat' dir='ltr'><strong>Bano</strong></span> <span class='ocrx_word' id='word_1_199' title='bbox 945 3408 1193 3476; x_wconf 87' lang='lat' dir='ltr'><strong>Comite</strong></span> <span class='ocrx_word' id='word_1_200' title='bbox 1245 3412 1603 3493; x_wconf 87' lang='lat' dir='ltr'><strong>Nitriensi‚</strong></span> <span class='ocrx_word' id='word_1_201' title='bbox 1660 3421 1722 3477; x_wconf 82' lang='lat' dir='ltr'><strong>et</strong></span> <span class='ocrx_word' id='word_1_202' title='bbox 1759 3412 1913 3497; x_wconf 87' lang='lat' dir='ltr'><strong>alijs</strong></span> <span class='ocrx_word' id='word_1_203' title='bbox 1949 3431 2142 3494; x_wconf 88' lang='lat' dir='ltr'><strong>quam</strong></span> <span class='ocrx_word' id='word_1_204' title='bbox 2191 3412 2488 3495; x_wconf 89' lang='lat' dir='ltr'><strong>pluribus</strong></span> <span class='ocrx_word' id='word_1_205' title='bbox 2520 3420 2611 3479; x_wconf 91' lang='lat' dir='ltr'><strong>te—</strong></span> 
     </span>
     <span class='ocr_line' id='line_1_30' title="bbox 372 3512 1755 3601; baseline 0.005 -24"><span class='ocrx_word' id='word_1_206' title='bbox 372 3512 681 3579; x_wconf 89' lang='lat' dir='ltr'><strong>nentibus</strong></span> <span class='ocrx_word' id='word_1_207' title='bbox 718 3515 1074 3582; x_wconf 84' lang='lat' dir='ltr'><strong>Comitatus</strong></span> <span class='ocrx_word' id='word_1_208' title='bbox 1106 3518 1319 3601; x_wconf 87' lang='lat' dir='ltr'><strong>Regni</strong></span> <span class='ocrx_word' id='word_1_209' title='bbox 1355 3525 1417 3583; x_wconf 88' lang='lat' dir='ltr'><strong>et</strong></span> <span class='ocrx_word' id='word_1_210' title='bbox 1450 3518 1755 3586; x_wconf 86' lang='lat' dir='ltr'><strong>honores.</strong></span> 
     </span>
    </p>
   </div>
   <div class='ocr_carea' id='block_1_4' title="bbox 1210 3731 1784 3804">
    <p class='ocr_par' dir='ltr' id='par_1_4' title="bbox 1210 3731 1784 3804">
     <span class='ocr_line' id='line_1_31' title="bbox 1210 3731 1784 3804; baseline 0 -17"><span class='ocrx_word' id='word_1_211' title='bbox 1210 3731 1320 3801; x_wconf 73' lang='grc' dir='ltr'><strong>(ΑΖ</strong></span> <span class='ocrx_word' id='word_1_212' title='bbox 1350 3734 1569 3790; x_wconf 86' lang='lat' dir='ltr'><strong>eredeti</strong></span> <span class='ocrx_word' id='word_1_213' title='bbox 1598 3731 1784 3804; x_wconf 74' lang='lat' dir='ltr'><strong>utan.)</strong></span> 
     </span>
    </p>
   </div>
   <div class='ocr_carea' id='block_1_5' title="bbox 1220 4021 1754 4031">
    <p class='ocr_par' dir='ltr' id='par_1_5' title="bbox 1220 4021 1754 4031">
     <span class='ocr_line' id='line_1_32' title="bbox 1220 4021 1754 4031; baseline 0.006 -5"><span class='ocrx_word' id='word_1_214' title='bbox 1220 4021 1493 4029; x_wconf 32' lang='lat' dir='ltr'><strong>..--.-&lt;-rr..—*-</strong></span> <span class='ocrx_word' id='word_1_215' title='bbox 1512 4022 1754 4031; x_wconf 49' lang='grc' dir='ltr'><strong>Ή-Δ,”.-..</strong></span> 
     </span>
    </p>
   </div>
  </div>
 </body>
</html>
