3416 5313
1734 1010 1851 1075 96.

653 1203 783 1270 ΙΙΙ.
816 1203 1035 1303 Euam
1067 1204 1284 1291 laio-azy
1333 1205 1622 1271 Pachnek
1653 1209 2002 1296 jaszdgfm
2038 1210 2109 1273 kz·
2155 1209 2374 1274 &rohas
2424 1206 2641 1273 nahal
2690 1205 2904 1289 ειιιαιι,

654 1311 926 1402 Gerqely
955 1313 1208 1380 bdnnak
1238 1317 1300 1379 <53
1329 1316 1550 1381 Ιειυάη
1567 1315 1867 1402 qrdfnak,
1893 1320 2092 1384 Marlo
2108 1319 2390 1405 flaviada,
2416 1317 2905 1402 adomdnyozza.

1683 1425 1878 1489 1296.

867 1614 1005 1686 Nos
1037 1618 1343 1687 Andreas
1376 1619 1504 1687 Dei
1556 1623 1788 1705 gracia
1818 1625 1963 1689 Rex
1996 1621 2339 1707 Hungarie
2387 1619 2707 1688 memorie
2740 1637 2908 1685 com-

652 1727 1042 1796 mendantes
1076 1729 1547 1816 significamus,
1583 1731 1825 1815 quibus
1860 1732 2131 1821 expedit
2149 1731 2502 1816 uniuersis,
2539 1730 2717 1816 quod
2750 1727 2911 1813 quia

652 1837 1052 1924 Stephanae,
1086 1837 1444 1908 Ladislaus
1479 1848 1545 1907 et
1581 1840 1888 1927 Vgrinus,
1939 1841 2062 1927 filij
2095 1839 2418 1923 Ladislai‚
2452 1840 2660 1905 multa
2692 1835 2916 1924 spolia

638 1964 772 2012 sen
801 1944 1152 2013 latrocinia
1184 1953 1417 2013 contra
1447 1955 1748 2016 nostram
1777 1948 2199 2015 Maiestatem
2233 1936 2666 2034 procedendo
2697 1945 2911 2013 inces-

653 2059 882 2122 santer
933 2052 1519 2140 indesinenterque
1570 2058 1637 2124 in
1691 2058 1923 2144 Regno
1957 2063 2185 2126 nostro
2242 2054 2753 2140 commiserunt,
2792 2071 2914 2138 pro

653 2181 733 2227 eo
766 2161 1018 2244 eciam,
1073 2159 1227 2245 quia
1279 2162 1740 2245 possessiones
1774 2163 2084 2250 Gregorij
2132 2163 2305 2230 Bani
2337 2168 2405 2228 et
2438 2160 2716 2229 Comitis
2771 2161 2916 2230 Ste-

651 2267 859 2356 phani
880 2321 901 2356 ‚
935 2269 1214 2336 filiorum
1249 2268 1524 2337 Comitis
1559 2275 1754 2340 Mark
1786 2273 2033 2359 pluries
2068 2271 2583 2354 destruxerunt,
2634 2289 2758 2356 pro
2797 2271 2917 2338 hu-

653 2375 940 2446 iusmodi
973 2377 1360 2446 excessibus
1404 2400 1667 2460 eorum,
1708 2382 2055 2448 uniuersas
2098 2379 2562 2464 possessiones
2596 2378 2916 2463 ipsorum,

655 2492 724 2555 et
771 2485 1152 2573 specialiter
1221 2488 1682 2572 possessiones
1737 2491 1958 2557 Peech
2007 2492 2153 2556 sine
2214 2488 2461 2577 herede
2510 2485 2919 2572 decedentis,

655 2613 823 2680 quas
854 2599 1126 2663 actenus
1159 2597 1634 2681 potencialiter
1655 2596 2074 2667 detinuerunt
2095 2603 2482 2686 occupatae,
2519 2596 2914 2665 aufferendo

653 2705 743 2772 ab
795 2702 1082 2784 eisdem,
1133 2722 1254 2790 pro
1306 2706 1611 2793 dampnis
1663 2714 1731 2773 et
1782 2708 2040 2795 iniurijs
2092 2728 2211 2792 per
2261 2708 2529 2782 eosdem
2592 2705 2919 2792 Gregorio

654 2813 845 2881 Bano
878 2818 946 2879 et
978 2813 1318 2900 Stephano
1342 2814 1580 2883 Comiti
1612 2816 1837 2899 illatis,
1875 2815 2199 2900 dedimus,
2232 2815 2623 2885 donauimus
2660 2820 2730 2881 et
2762 2834 2917 2883 con-

655 2921 949 2989 tullimus
999 2930 1363 2990 memorato
1399 2923 1724 3011 Gregorio
1757 2926 1943 2993 Bano
1998 2931 2063 2991 et
2095 2924 2335 2994 comiti
2386 2922 2728 3009 Stephano
2770 2943 2916 3008 per-

654 3036 856 3118 petuo
889 3030 1348 3120 possidendas,
1384 3034 1711 3101 tenendas
1745 3040 1811 3100 ct
1842 3032 2201 3101 habendas
2238 3035 2488 3101 Datum
2522 3034 2647 3099 sub
2682 3038 2907 3100 castro

655 3138 951 3224 szegh
985 3138 1052 3205 in
1085 3139 1338 3206 octauis
1391 3141 1583 3208 Santi
1611 3141 1958 3210 Michaelis
1990 3142 2392 3229 Archangeli
2435 3160 2614 3210 anno
2646 3140 2918 3214 Domini

656 3249 759 3318 M⁰
791 3247 933 3315 (30⁰
964 3248 1397 3332 nonagesimo
1430 3253 1642 3316 sexto.

659 3441 869 3516 (Garai
890 3441 1102 3500 Miklos
1126 3440 1310 3499 nador
1339 3442 1564 3498 1433-ki
1600 3440 1927 3511 ite'letebffl,
1967 3441 2235 3515 'mclynek
2274 3442 2533 3499 credetie
2571 3442 2851 3500 driztetik
2875 3463 2913 3501 a

1076 3534 1325 3590 nemzeti
1352 3534 1618 3591 Muzeum
1641 3534 1885 3591 kezirati
1912 3529 2486 3607 gylijoemenyebcn.)
