3416 5313
1789 434 1879 500 42

1792 1106 1906 1172 28.

715 1307 762 1369 I
770 1306 834 1374 V.
871 1305 1102 1370 Miklds
1124 1309 1307 1391 pcipa
1339 1328 1380 1368 a
1412 1305 1714 1391 bolycirok
1746 1304 1979 1368 e'rseket
2009 1306 2130 1368 inti
2148 1354 2165 1387 ,
2218 1302 2375 1392 hoqy
2409 1327 2450 1368 a
2499 1307 2702 1369 rdmai
2750 1305 2962 1369 katho-

1065 1416 1202 1479 zika
1234 1413 1568 1500 ethdzzal
1600 1414 1992 1500 eqyesseyben
2023 1413 2381 1498 maradjon.
2417 1415 2612 1481 1291.

931 1611 1248 1680 Nicolaus
1302 1613 1674 1697 Episcopus
1742 1631 1967 1677 seruus
2028 1631 2365 1679 seruorum
2416 1611 2544 1680 Dei
2595 1612 2967 1680 venerabili

719 1721 955 1788 fratri.
990 1773 1005 1789 .
1052 1771 1067 1787 .
1120 1721 1646 1806 Archiepiscopo
1697 1722 2132 1802 Bulgarorum
2195 1720 2478 1806 gratiam
2533 1721 2601 1789 in
2651 1724 2962 1806 presenti,

718 1851 845 1913 que
877 1829 1197 1914 perducat
1249 1829 1336 1896 ad
1370 1829 1647 1911 gloriam
1703 1831 1769 1894 in
1805 1829 2041 1896 futuro.
2092 1828 2466 1896 Misericors
2498 1836 2564 1894 et
2615 1829 2962 1897 miserator

718 1940 1038 2008 Dominus
1072 1938 1184 2023 pia
1216 1939 1643 2006 miseratione
1694 1939 2048 2005 attendens
2097 1938 2451 2005 humanum
2488 1940 2960 2026 genusmortis

720 2055 1047 2135 perpetue
1066 2046 1367 2131 nexibus,
1388 2048 1455 2114 in
1476 2067 1636 2131 quos
1657 2046 1871 2132 ipsum
1892 2047 2256 2131 impegerat
2277 2046 2523 2113 inimici
2545 2048 2776 2115 dolosa
2808 2066 2957 2133 sug·

719 2160 952 2242 gestio,
986 2157 1449 2225 miserabiliter
1469 2156 1878 2239 advolutum,
1899 2165 1968 2222 ut
1992 2153 2397 2242 eum(1gy)a
2415 2163 2625 2223 morte
2644 2158 2960 2225 liberaret

718 2274 1037 2355 perpetua
1072 2274 1135 2333 et
1166 2274 1393 2333 eterne
1428 2265 1563 2331 vite
1594 2267 1859 2333 beatum
1895 2266 2327 2333 constitueret
2375 2285 2848 2350 possessorem,
2882 2265 2966 2332 de

717 2378 1002 2444 Excelso
1036 2377 1200 2444 solio
1250 2377 1494 2443 Sancto
1529 2395 1646 2443 suo
1681 2375 1770 2440 ad
1800 2376 1938 2441 ima
1967 2376 2189 2443 mundi
2223 2375 2591 2461 deseendit,
2626 2375 2740 2442 ubi
2772 2382 2960 2443 veste

718 2492 943 2553 nostre
975 2484 1398 2553 mortalitatis
1432 2484 1699 2551 indutus
1734 2487 1905 2551 ultro
1956 2483 2147 2550 morti
2178 2505 2253 2552 se
2286 2484 2543 2570 optulit,
2580 2492 2645 2552 et
2676 2492 2965 2570 postmo-

718 2595 870 2662 dum
902 2596 1010 2664 die
1042 2594 1241 2664 tertia
1272 2595 1673 2681 resurrexit,
1724 2602 1997 2663 mortem
2031 2602 2325 2664 nostram
2378 2595 2723 2663 destruens
2775 2594 2964 2661 mori-

719 2703 891 2770 endo
913 2755 932 2788 ,
1004 2711 1069 2770 et
1122 2702 1325 2770 vitam
1377 2723 1699 2789 reparans
1769 2703 2047 2771 feliciter
2095 2704 2536 2789 resurgend03
2589 2704 2826 2772 deinde
2880 2703 2964 2769 de

718 2812 959 2880 mundo
994 2829 1390 2880 ascensurus
1424 2812 1490 2876 in
1527 2814 1736 2879 celum
1757 2863 1775 2896 ,
1828 2833 1911 2879 ne
1943 2811 2131 2897 gregi
2166 2812 2492 2880 dominico
2538 2813 2703 2881 tanti
2737 2830 2963 2898 asper-

718 2922 904 2988 sione
937 2920 1181 2987 cruoris
1204 2919 1547 3006 redempto
1582 2941 1740 2989 cura
1761 2920 2027 2988 deesset
2060 2920 2366 3007 pastoris,
2401 2921 2677 2987 Beatum
2701 2922 2963 2988 Petrum

717 3031 1181 3116 Apostolorum
1206 3029 1589 3113 principem,
1626 3035 1860 3112 etpost
1892 3049 2039 3095 eum
2061 3048 2290 3096 omnes
2325 3029 2467 3094 eius
2488 3028 2554 3095 in
2578 3037 2964 3114 perpetuum

721 3157 1142 3211 successores
1178 3138 1482 3205 Vicarios
1517 3157 1671 3206 suos
1707 3138 1775 3203 in
1808 3138 2002 3205 terris
2052 3138 2482 3223 constituens,
2538 3138 2635 3205 eis
2669 3137 2961 3205 decrevit

721 3251 822 3318 sui
854 3246 1078 3333 gregis
1113 3265 1333 3312 curam
1368 3253 1432 3312 et
1463 3246 1972 3313 sollicitudinem
2009 3245 2556 3314 committendam.
2608 3248 2787 3315 Sane
2818 3266 2963 3312 cum

715 3361 861 3435 nos,
893 3357 1049 3422 licet
1078 3354 1635 3422 insufficientibus
1669 3354 1922 3420 meritis
1943 3405 1963 3438 ,
2013 3354 2214 3421 simus
2247 3355 2458 3440 ipsius
2491 3353 2621 3420 Dei
2655 3352 2965 3436 Omnipo-

721 3467 921 3533 tentis
956 3463 1206 3529 Vicarii
1241 3468 1304 3527 et
1338 3460 1631 3527 eiusdem
1662 3464 2126 3546 Apostolorum
2175 3461 2488 3548 principis
2521 3480 2965 3545 successores,

720 3595 801 3640 ex
834 3573 1058 3640 debito
1093 3570 1449 3657 pastoralis
1483 3568 1681 3638 officii
1716 3570 1854 3655 iugi
1886 3571 2328 3639 sollicitudine
2346 3571 2579 3638 attenti
2611 3569 2966 3653 reddimur,

717 3689 789 3751 ut
818 3681 1155 3763 universi,
1209 3699 1373 3763 quos
1407 3701 1527 3766 per
1556 3680 2109 3766 propagationem
2159 3681 2375 3747 carnis
2407 3680 2695 3748 humane
2727 3685 2968 3748 natura

721 3789 1035 3875 produxit
1067 3789 1134 3856 in
1167 3807 1335 3874 esse,
1370 3787 1465 3853 hii
1499 3788 1859 3875 potissime,
1910 3810 2076 3873 quos
2109 3791 2286 3855 sacri
2325 3787 2750 3874 baptismatis
2784 3788 2967 3855 unda

723 3899 1135 3984 conspersit,
1187 3905 1371 3965 actus
1406 3917 1559 3965 suos
1611 3896 1965 3982 disponant
1999 3898 2067 3964 in
2097 3898 2338 3966 lumine
2370 3896 2673 3966 veritatis
2698 3946 2715 3980 ,
2749 3904 2814 3962 et
2846 3915 2965 3980 per

718 4013 965 4074 rectam
999 4005 1456 4073 mandatorum
1490 4002 1759 4073 Domini
1790 4007 2094 4075 semitam
2118 4006 2523 4091 gradientes,
2565 4011 2788 4072 eterne
2811 4004 2962 4069 bea-

720 4113 1019 4182 titudinis
1053 4112 1298 4197 gaudia
1350 4120 1861 4195 consequantur.
1895 4115 2094 4179 Porro
2139 4115 2229 4181 ad
2262 4113 2433 4179 hanc
2487 4112 2964 4182 beatitudinem

723 4221 1210 4308 assequendam
1243 4222 1627 4289 necessario
1662 4223 1948 4307 exigitur
1970 4272 1989 4305 ,
2044 4229 2113 4289 ut
2145 4222 2308 4290 fides
2349 4220 2693 4290 Catholica
2712 4272 2730 4306 ,
2767 4241 2964 4304 quam

722 4340 939 4419 tenet,
991 4329 1439 4418 prophitetur,
1494 4338 1559 4397 et
1592 4330 1782 4398 docet
1824 4331 2264 4398 sacrosancta
2312 4331 2611 4400 Romana
2640 4331 2961 4411 Ecclesia,

723 4449 934 4513 mater
968 4442 1122 4511 fidei
1156 4446 1222 4506 et
1254 4440 1595 4528 magistra,
1632 4441 1735 4506 cui
1765 4441 1921 4508 licet
1953 4447 2018 4507 et
2048 4439 2353 4508 immeriti
2385 4440 2816 4525 presidemus,
2849 4438 2961 4504 fir-

725 4552 916 4619 miter
947 4561 1007 4619 et
1057 4547 1522 4619 inviolabiliter
1572 4555 1892 4615 teneatur.
1943 4549 2084 4615 Hec
2117 4549 2288 4617 enim
2342 4547 2640 4616 caritatis
2693 4554 2794 4614 est
2826 4548 2960 4615 vin-

727 4663 939 4730 culum
973 4668 1039 4728 et
1067 4659 1268 4727 totius
1300 4656 1639 4744 religionis
1659 4657 2075 4726 sanctissime
2098 4657 2611 4726 fundamentum.
2644 4657 2786 4725 Hec
2817 4678 2960 4725 rea-

724 4782 831 4840 tus
866 4781 1223 4858 expurgat,
1276 4772 1526 4834 mentes
1557 4766 1897 4854 purificat,
1948 4769 2260 4836 tenebras
2293 4765 2709 4834 infidelitatis
2758 4764 2963 4853 fugat,
