3416 5313
1370 398 1574 513 *13

408 613 558 709 dam
612 612 980 696 porcionem
1036 632 1220 677 suam
1273 610 1865 695 possessionariam
1931 612 2334 680 hereditario
2378 615 2527 698 jure
2580 611 2647 679 in

407 722 587 787 Loch
619 722 829 805 ipsum
864 720 1161 805 exceptis
1194 722 1346 806 aliis
1370 722 1681 805 proximis
1714 726 1780 786 et
1799 719 2186 805 propinquis
2222 722 2358 788 suis
2378 729 2649 807 tangen-

406 838 534 896 tem
568 830 825 917 priuate
861 836 928 894 et
960 831 1260 896 absolute
1282 880 1298 913 ‚
1352 831 1415 895 in
1449 829 1788 896 vicinitate
1841 829 2139 913 magistri
2173 830 2316 895 Abe
2349 829 2465 916 filij
2501 831 2645 897 Abe

407 937 715 1006 nobilium
752 940 833 1006 de
865 940 1098 1021 Zouor,
1134 945 1200 1004 et
1234 937 1540 1005 Ciuitatis
1575 939 1656 1006 de
1687 935 1917 1025 'Pytna
1938 938 2345 1026 existentem,
2379 959 2646 1023 presen-

408 1049 586 1117 tibus
631 1061 695 1112 et
744 1046 1315 1114 consencientibus
1365 1047 1730 1131 prenotatis
1780 1048 2099 1131 proximis
2150 1053 2215 1115 et
2265 1048 2651 1130 consangui-

407 1157 552 1224 neis
586 1177 665 1225 ac
696 1155 832 1223 suis
867 1156 1150 1222 afinibus
1201 1175 1320 1240 pro
1354 1153 1644 1222 remedio
1695 1161 1762 1220 et
1792 1156 2134 1241 refrigerio
2167 1158 2380 1222 anime
2414 1176 2649 1243 paren·

408 1273 542 1331 tum
575 1286 656 1331 ac
707 1264 1150 1351 proximorum
1205 1284 1507 1348 suorum,
1558 1281 1638 1330 ac
1670 1284 1789 1330 sue
1838 1267 2141 1352 proprie,
2196 1284 2316 1331 nec
2365 1287 2497 1334 non
2531 1286 2650 1350 pro

409 1383 633 1443 eterne
667 1376 904 1442 salutis
937 1376 1168 1442 brauio
1200 1372 1577 1462 optinendo,
1612 1372 1914 1443 discretis
1955 1376 2113 1441 viris
2147 1374 2497 1444 Canonicis
2531 1376 2650 1441 Ec-

409 1483 611 1552 clesie
642 1482 995 1549 Nitriensis
1027 1485 1091 1549 in
1121 1490 1508 1567 perpetuam
1542 1483 1968 1549 elemosinam
1995 1484 2288 1553 dedisset
2320 1492 2387 1565 et
2419 1485 2652 1552 donas-

410 1602 545 1678 set,
600 1613 740 1661 cum
776 1593 1076 1658 omnibus
1115 1592 1251 1660 suis
1304 1591 1702 1660 vtilitatibus
1753 1600 1819 1659 et
1852 1592 2279 1681 pertinencijs
2328 1595 2654 1662 vniuersis

411 1704 787 1787 tenendam,
822 1702 1289 1788 possidendam
1326 1708 1389 1767 et
1418 1701 1824 1769 habendam.
1856 1701 1939 1767 Et
1970 1722 2053 1769 ne
2077 1704 2388 1788 temporis
2423 1706 2486 1772 in
2510 1725 2652 1791 pro-

412 1832 605 1880 cessu
634 1831 751 1898 per
784 1810 1117 1897 quoslibet
1148 1810 1480 1898 proxi-mos
1514 1829 1671 1875 suos
1705 1809 1856 1875 huic
1878 1830 1994 1877 sue
2015 1809 2366 1880 donacioni
2399 1814 2655 1897 aliqua·

411 1922 493 1991 lis
525 1920 971 1990 contradiccio
993 1972 1009 2004 ,
1044 1925 1159 1987 aut
1188 1917 1532 1987 reuocacio
1566 1919 1778 2003 possit
1809 1919 2131 1999 inueniri,
2180 1928 2444 1992 nostras
2483 1924 2655 1993 litte·

411 2050 521 2098 ras
557 2027 1004 2114 priuilegiales
1038 2025 1253 2095 eidem
1278 2025 1582 2113 capitulo
1604 2032 1847 2095 extunc
1882 2048 1999 2114 per
2031 2030 2293 2099 eosdem
2320 2051 2470 2101 suos
2505 2054 2653 2119 pro·

412 2141 618 2206 ximos
650 2159 692 2204 a
722 2139 913 2205 nobis
965 2137 1142 2207 idem
1174 2137 1460 2206 Michael
1517 2136 1664 2204 dari
1713 2139 2107 2226 postulauit,
2162 2161 2328 2224 quas
2362 2163 2483 2212 nos
2513 2143 2654 2213 dari

412 2251 685 2316 fecimus
717 2250 915 2316 modo
947 2249 1317 2336 prescripto
1370 2247 1492 2315 sub
1528 2246 1748 2331 sigillo
1781 2256 2004 2316 nostro
2043 2250 2361 2334 pendenti
2394 2252 2654 2320 iusticia

411 2357 767 2425 mediante.
801 2357 1043 2423 Datum
1066 2355 1270 2423 tercio
1306 2356 1416 2423 die
1449 2361 1599 2440 post
1632 2352 1871 2422 festum
1893 2357 2142 2424 Vrbani
2176 2360 2357 2445 Pape
2392 2367 2458 2427 et
2491 2382 2654 2429 mar-

415 2466 560 2534 tiris
594 2486 765 2534 anno
795 2463 1064 2532 Domini
1094 2465 1195 2529 M⁰
1227 2465 1366 2533 00⁰
1399 2465 1826 2548 nonagesimo
1873 2467 2183 2536 secundo.

416 2661 684 2734 (Hartya.
711 2659 1068 2718 Rozsaszim'i
1098 2664 1355 2732 selymen
1402 2663 1546 2733 fiigg
1573 2681 1608 2718 a
1634 2660 1838 2734 pecsdt
1880 2663 2138 2721 tiiredek.
2183 2665 2656 2739 Pozsonykapta·

598 2754 719 2809 lani
747 2752 1022 2827 orszagos
1051 2752 1297 2811 leveltar
1324 2751 1517 2825 Capsa
1543 2754 1700 2810 XIII.
1731 2755 1905 2812 Fasc.'
1926 2758 1977 2812 1.
2003 2756 2140 2815 Nro.
2170 2757 2223 2815 4.
2251 2759 2479 2832 Knauz.)

1326 3042 1711 3054 *-
