3416 5313
1835 431 1963 499 196

1816 1099 1970 1166 13⁰.

769 1297 831 1366 A
861 1300 1092 1386 szepcsi
1121 1295 1431 1384 kdptalan
1481 1295 2004 1383 bizonysdqlevele
2023 1345 2041 1380 ,
2095 1295 2252 1381 hoqy
2294 1293 2621 1365 Hilbrand
2639 1345 2658 1381 ,
2713 1319 2756 1361 a
2783 1302 3014 1388 szepesi

766 1409 1020 1474 szdszok
1048 1403 1270 1495 qrdfja
1288 1454 1307 1487 ‚
1357 1404 1631 1491 Sztoyan
1665 1404 1902 1470 Mil-:26⁸
1930 1401 2214 1490 yrdfnak
2263 1404 2364 1469 ket
2396 1404 2620 1490 ekdnyi
2655 1401 2867 1489 f‘o‘ldet
2897 1429 3010 1494 eyy

1524 1511 1702 1579 τέκεϊ
1731 1512 1908 1577 adott
1942 1513 2016 1579 el.
2053 1513 2247 1576 1298.

979 1715 1120 1781 Nos
1169 1710 1543 1796 Capitulum
1578 1709 1875 1780 Ecclesie
1925 1709 2151 1780 Sancti
2198 1707 2458 1776 Martini
2510 1709 2575 1774 in
2609 1709 2825 1799 Scyps
2876 1733 3007 1780 me-

768 1822 968 1893 morie
1013 1819 1541 1889 commendantes
1594 1818 2036 1904 significamus
2087 1817 2413 1887 vniuersis
2464 1817 2703 1901 quibus
2738 1819 3008 1905 expedit
3089 1871 3095 1877 .

766 1930 1176 2019 presencium
1207 1949 1325 2016 per
1353 1935 1645 1998 tenorem
1667 1977 1685 2013 ,
1744 1927 1918 2013 quod
1952 1925 2355 1995 Hilbrandus
2405 1925 2639 1992 Com-es
2672 1927 3007 1996 Saxonum

764 2043 833 2107 in
866 2042 1081 2126 Scyps
1112 2037 1177 2104 in
1229 2043 1460 2104 nostra
1511 2034 1858 2122 presencia
1907 2041 2099 2120 parte
2148 2055 2231 2102 ex
2261 2053 2392 2100 una
2416 2041 2543 2101 -est
2595 2038 3007 2121 constitutae,

764 2155 953 2235 parte
984 2165 1138 2217 vero
1173 2165 1252 2213 ex
1288 2145 1499 2213 altera
1536 2145 1770 2214 Comes
1801 2145 2123 2214 Nicolaus
2163 2144 2537 2229 Stoyanus3
2572 2151 2640 2210 et
2677 2145 2851 2212 idem
2884 2146 3006 2214 Co·

762 2278 900 2326 mes
932 2253 1339 2323 Hilbrandus
1373 2273 1593 2322 coram
1627 2253 1818 2320 nobis
1855 2258 1958 2321 est
1990 2250 2328 2339 professus
2349 2299 2366 2334 ,
2418 2251 2592 2335 quod
2625 2253 2861 2321 comiti
2891 2254 3007 2322 Ni-

763 2367 949 2435 colao
983 2366 1279 2452 Stoyano
1313 2369 1554 2429 terram
1605 2362 1696 2429 ad
1730 2361 1860 2430 duo
1899 2368 2125 2429 aratra
2156 2360 2594 2429 sufficientem
2636 2382 2782 2430 cum
2813 2374 3008 2448 prato

762 2475 884 2544 sub
936 2473 1171 2560 Regali
1221 2488 1523 2539 mensura
1561 2490 1677 2556 pro
1729 2457 2208 2556 quinquaginta
2256 2470 2498 2537 marcis
2551 2471 2694 2557 puri
2748 2478 3008 2559 argenti

761 2581 1170 2649 vendidisset
1202 2581 1266 2646 in
1302 2578 1669 2647 hereditate
1697 2581 2003 2666 *Tomasy
2035 2585 2275 2649 vocata
2295 2630 2313 2665 ,
2370 2598 2496 2663 que
2529 2581 2792 2664 quidem
2825 2582 3007 2648 here-

760 2691 936 2759 ditas
968 2710 1087 2758 sua
1121 2694 1339 2758 exstat
1373 2708 1455 2756 ex
1474 2687 1647 2755 dono
1680 2688 1934 2772 Regali,
1969 2688 2138 2757 sicut
2170 2688 2236 2757 in
2258 2688 2605 2774 priuilegio
2645 2690 2848 2776 Regis
2880 2693 3008 2757 La-

760 2800 957 2868 dislai
991 2820 1071 2869 ac
1119 2798 1320 2883 Regis
1373 2798 1639 2866 Andree
1692 2799 2089 2883 continet-ur,
2143 2798 2273 2865 sibi
2320 2818 2402 2865 ac
2450 2798 2587 2864 suis
2638 2797 3008 2876 heredibus,

759 2909 1204 2993 heredumque
1235 2926 1502 2975 suorum
1534 2907 2026 2977 successoribus
2058 2911 2373 2992 perpetuo
2395 2906 2893 2993 possidendam,
2932 2915 2998 2973 et

760 3017 935 3085 idem
983 3018 1220 3087 Comes
1277 3016 1681 3086 Hilbrandus
1734 3017 1904 3084 dixit
1957 3036 2030 3082 se
2083 3016 2379 3103 plenarie
2430 3016 2615 3083 illam
2668 3016 3006 3102 pecuniam

760 3128 1111 3213 recepisse.
1157 3126 1376 3194 Prima
1410 3132 1585 3192 meta
1616 3124 1807 3192 huius
1842 3132 2016 3192 terre
2048 3124 2280 3209 incipit
2311 3125 2375 3190 in
2397 3126 2537 3192 alta
2569 3124 2698 3210 via,
2735 3143 2861 3209 que
2893 3145 3005 3192 va-

759 3234 856 3302 dit
886 3233 967 3301 de
1000 3233 1161 3301 villa
1194 3233 1526 3318 Prepositi
1557 3233 1625 3304 in
1645 3233 2034 3319 Schinukin,
2069 3239 2135 3299 et
2167 3233 2286 3300 illa
2317 3232 2549 3300 eadem
2573 3234 2685 3300 via
2714 3254 2796 3303 ac
2828 3241 3005 3302 meta

758 3349 1029 3430 separat
1058 3342 1402 3413 Nicolaum
1441 3341 1801 3429 Stoyanum
1853 3351 1917 3410 et
1948 3342 2270 3410 Comitem
2316 3342 2781 3428 Hilbrandum3
2819 3350 2885 3410 et
2917 3345 3004 3410 ab

760 3454 877 3520 illa
907 3458 1086 3522 meta
1117 3448 1301 3527 vadit
1350 3456 1580 3519 contra
1611 3449 1896 3517 mediam
1930 3455 2192 3518 noctem
2243 3467 2441 3535 super
2471 3469 2669 3517 vnum
2720 3460 3004 3536 pontem,

759 3568 821 3629 et
854 3585 895 3631 a
927 3566 1129 3647 ponte
1163 3556 1369 3626 tendit
1400 3577 1516 3645 per
1535 3559 1780 3625 uallem
1814 3564 2045 3627 contra
2075 3558 2357 3626 mediam
2390 3565 2647 3626 noctem
2680 3577 2883 3641 usque
2915 3559 3007 3626 ad

764 3669 1081 3738 fossatum
1119 3666 1490 3733 molendine
1526 3662 1736 3753 (igy);
1773 3674 1838 3733 et
1870 3666 2194 3733 fossatum
2230 3667 2643 3736 ascendendo
2676 3685 2880 3750 usque
2914 3665 3004 3732 ad

759 3797 1039 3861 aquam,
1089 3792 1214 3858 que
1267 3776 1519 3842 Petena
1566 3780 1881 3859 vocatur3
1934 3780 2001 3841 et
2031 3774 2260 3841 eadem
2317 3793 2496 3860 aqua
2544 3773 3003 3843 descendendo

757 3904 967 3969 usque
999 3884 1084 3951 ad
1118 3883 1346 3965 locum,
1381 3882 1493 3952 ubi
1523 3882 1769 3948 riuulus
1801 3887 2147 3950 montanus
2179 3883 2382 3982 intrat
2415 3884 2729 3949 Petenam
2750 3932 2768 3968 ,
2803 3889 2872 3949 et
2905 3884 3002 3952 sic

760 3992 912 4060 illas
944 4010 1155 4074 aquas
1195 3991 1543 4059 descendit
1574 4011 1781 4075 usque
1812 3988 1900 4060 ad
1932 4011 2239 4078 magnum
2269 3998 2557 4079 pontem,
2590 3999 2654 4058 et
2688 4011 2731 4058 a
2760 4011 3002 4078 magno

755 4106 954 4189 ponte
985 4097 1291 4168 ascendit
1342 4098 1623 4166 riuulum
1645 4148 1664 4183 ,
1716 4098 1826 4183 qui
1878 4108 2152 4167 vocatur
2206 4100 2342 4166 Roz
2381 4098 2471 4167 ad
2522 4100 3001 4184 longitudinem

756 4208 949 4277 vuius
981 4206 1226 4293 iugeri,
1284 4212 1349 4272 et
1380 4213 1534 4275 tunc
1567 4206 1752 4275 vadit
1802 4214 2032 4275 contra
2067 4208 2380 4276 orientem
2434 4226 2639 4292 usque
2672 4210 2760 4276 ad
2793 4216 3000 4278 metas

753 4318 1014 4387 illorum
1047 4317 1130 4385 de
1162 4314 1543 4404 Schynukin
1564 4365 1582 4400 ,
1636 4316 1789 4384 illas
1819 4323 2030 4384 metas
2064 4317 2160 4405 den
2183 4317 2546 4386 Schinukin
2579 4318 3002 4388 ascendendo

747 4444 962 4509 usque
992 4424 1078 4492 ad
1127 4430 1337 4492 metas
1389 4423 1673 4492 Barlabe
1705 4430 1771 4491 et
1803 4428 2080 4496 Comitis
2128 4426 2409 4514 Nicolay
2440 4426 2557 4513 filij
2591 4428 2840 4496 Mathie
2860 4480 2880 4516 ,
2936 4435 3003 4497 et

755 4542 969 4602 metas
998 4531 1120 4620 filij
1152 4532 1397 4601 Mathie
1428 4533 1732 4602 ascendit
1764 4552 1972 4619 usque
2004 4536 2093 4603 ad
2127 4542 2338 4603 metas
2362 4535 2645 4622 Nicolay
2677 4536 2996 4622 Stoyanj3

755 4651 819 4711 et
854 4644 1034 4712 illam
1063 4651 1300 4712 metam
1351 4643 1654 4714 ascendit
1703 4661 1910 4726 usque
1943 4643 2031 4711 ad
2081 4645 2286 4713 altam
2337 4645 2549 4729 viam3
2605 4649 2671 4711 et
2720 4645 2999 4713 eandem

753 4751 929 4820 viam
960 4750 1260 4821 aseendit
1290 4770 1498 4835 usque
1531 4753 1619 4820 ad
1652 4752 1928 4835 primam
1960 4758 2245 4840 metam3
2279 4760 2343 4821 et
2372 4753 2470 4822 sic
2500 4757 2676 4823 mete
2706 4753 2999 4826 eiusdem
