3416 5313
1408 549 1557 644 3⁴-

311 742 467 810 riter
499 752 564 812 et
596 743 899 811 contriuit
928 743 1313 812 immensam
1348 745 1767 814 barbaricam
1800 739 2126 810 feritatem
2155 794 2170 826 ,
2225 743 2441 831 captis
2475 764 2556 810 ex

312 852 560 919 eisdem
627 853 920 938 plurimis
970 862 1033 918 et
1081 854 1354 927 occisis,
1419 854 1694 935 reliquis
1762 852 2062 920 omnibus
2109 857 2296 918 extra
2345 850 2556 935 Regni

311 960 596 1029 confinia
642 962 796 1045 fuge
846 960 1131 1045 presidio
1181 981 1255 1027 se
1320 960 1850 1028 reinfferentibus
1873 1010 1891 1043 ‚
1960 960 2125 1027 sicut
2175 959 2555 1045 temporalis

313 1069 774 1155 opportunitas
807 1072 1216 1154 suppetebat.
1252 1070 1526 1157 Insuper
1561 1090 1701 1135 eum
1737 1067 1986 1156 perfida
2017 1086 2179 1151 gens
2211 1066 2559 1133 Tartarica

313 1176 613 1263 Regnum
680 1178 1018 1264 Hungarie
1088 1198 1235 1245 cum
1303 1179 1481 1244 omni
1549 1177 1793 1242 milicia
1858 1180 2140 1261 ipsorum
2209 1175 2558 1259 introisset,

312 1292 562 1369 vastus,
611 1286 941 1369 incendia,
992 1286 1515 1371 depredaciones
1564 1285 1891 1370 orribiles,
1941 1288 2114 1355 sicut
2143 1287 2340 1353 moris
2389 1285 2558 1371 ipso-

312 1414 455 1459 rum
505 1403 622 1477 est,
666 1394 1144 1471 committendo,
1194 1394 1366 1462 idem
1403 1394 1735 1461 Omodeus
1783 1394 2118 1461 Palatinus
2154 1400 2384 1461 contra
2415 1413 2557 1459 eos-

313 1502 465 1569 dem
496 1505 814 1571 Tartaros
848 1504 1271 1587 insurgendo,
1322 1507 1560 1571 multos
1610 1523 1692 1569 ex
1725 1504 1890 1590 ipsis
1936 1523 2047 1570 ore
2080 1503 2292 1590 gladii
2324 1504 2558 1569 intere-

314 1613 446 1695 mit,
498 1622 563 1679 et
611 1616 1029 1696 quamplures
1077 1615 1373 1697 captivos
1423 1612 1766 1687 liberavit,
1820 1633 1900 1681 ac
1948 1612 2014 1677 in
2064 1614 2322 1697 signum
2364 1612 2560 1679 victo-

315 1721 410 1785 rie
456 1722 681 1787 decem
715 1723 938 1807 capita
968 1724 1348 1807 Principum
1380 1721 1459 1786 de
1508 1723 1661 1807 ipsa
1694 1731 1888 1808 gente
1921 1721 2178 1805 perfida
2224 1720 2355 1806 ipsi
2394 1719 2559 1806 Regi

314 1829 627 1897 Ladislao
676 1832 1098 1914 presentavit.
1150 1832 1357 1898 Nobis
1392 1831 1598 1897 eciam
1634 1841 1783 1918 post
1817 1831 2061 1898 obitum
2113 1830 2404 1896 eiusdem
2439 1832 2561 1895 La-

318 1937 520 2005 dislai
567 1940 771 2026 Regis
818 1940 1082 2026 Inclyti‚
1132 1942 1445 2026 patruelis
1495 1941 1718 2008 fratris
1766 1941 2009 2022 nostri,
2061 1936 2560 2007 succedentibus

315 2049 607 2113 eviterno
650 2050 800 2132 jure
835 2056 900 2115 et
946 2050 1172 2116 ordine
1220 2052 1563 2133 geniture,
1612 2050 1790 2116 idem
1841 2048 2168 2116 Omodeus
2218 2048 2560 2115 Palatinus

316 2175 457 2219 cum
491 2163 633 2222 tota
669 2158 986 2225 societate
1037 2178 1116 2224 ac
1151 2160 1552 2241 cognacione
1585 2179 1707 2227 sua
1739 2166 1921 2226 tante
1968 2155 2307 2225 fidelitatis
2346 2152 2560 2237 auspi·

316 2264 434 2331 ciis
482 2267 734 2333 studuit
766 2267 1109 2349 adherere,
1162 2289 1287 2353 que
1335 2269 1671 2352 explicare
1703 2288 1822 2352 per
1870 2268 2133 2352 singula
2163 2265 2425 2346 longum
2459 2282 2560 2328 es-

316 2383 418 2440 set
453 2410 533 2420 —-
578 2410 647 2419 —-
700 2378 909 2445 eciam
957 2398 1183 2444 omnes
1234 2398 1387 2445 suas
1438 2379 1894 2462 possessiones
1945 2383 2079 2441 tam
2127 2372 2561 2439 hereditarias

319 2502 512 2563 quam
561 2485 899 2568 aquisitas,
952 2507 1083 2553 vna
1114 2506 1257 2553 cum
1290 2487 1762 2554 municionibus
1798 2494 1862 2552 et
1897 2486 2130 2552 castris
2180 2484 2423 2548 nostris
2457 2478 2564 2544 du-

320 2592 488 2656 xerit
534 2591 837 2660 manibus
885 2595 1243 2665 liberaliter
1289 2596 1659 2662 offerendas
1711 2605 1936 2664 nostre
1986 2591 2416 2662 Celsitudinis
2464 2607 2563 2654 ar—

319 2700 511 2767 bitrio
561 2702 1042 2788 disponendas,
1090 2705 1158 2768 in
1209 2708 1415 2790 ipsius
1463 2714 1527 2774 et
1573 2705 1891 2772 heredum
1943 2723 2206 2770 suorum
2239 2697 2564 2786 personis,

320 2829 440 2892 pro
475 2811 839 2893 insignibus
872 2813 1010 2879 suis
1032 2813 1288 2881 actibus
1324 2817 1788 2899 gratificandas
1815 2814 1901 2879 ad
1933 2814 2221 2899 plenum,
2256 2812 2364 2876 vel
2396 2809 2564 2874 alias

323 2919 561 2984 nostris
610 2918 1160 3002 disposicionibus
1209 2924 1673 3006 reservandas,
1725 2930 1906 2990 tanto
1941 2920 2275 2987 fidelitatis
2331 2915 2565 2984 ardore

323 3027 660 3093 nobiscum
710 3027 878 3092 inter
926 3029 1073 3112 ipsa
1119 3031 1433 3098 novitatis
1484 3033 1685 3099 inicia
1733 3030 2191 3112 procedendo,
2249 3033 2318 3092 ut
2360 3025 2568 3091 multa

326 3142 568 3218 castra,
618 3137 980 3220 multasque
1030 3138 1458 3223 municiones,
1508 3161 1633 3222 que
1679 3139 1982 3205 maximis
2031 3138 2337 3222 poterant
2379 3133 2564 3199 labo-

324 3243 506 3309 ribus
554 3253 618 3309 et
666 3247 1007 3315 sudoribus
1059 3250 1359 3331 optineri,
1407 3269 1527 3315 sua
1560 3249 1829 3316 cautela
1878 3257 1942 3314 et
1991 3244 2309 3310 industria
2355 3244 2436 3308 de
2469 3240 2566 3306 fa-

325 3352 436 3415 cili
484 3361 704 3419 nostre
752 3362 900 3421 sunt
946 3357 1209 3423 reddita
1257 3359 1517 3425 dicioni.
1568 3359 1776 3443 Igitur
1824 3365 1889 3423 et
1937 3354 2138 3421 tantis
2187 3354 2329 3417 eius
2374 3352 2568 3418 virtu-

325 3461 498 3528 tibus
544 3464 886 3530 recensitis
926 3464 1006 3529 de
1057 3467 1331 3532 consilio
1368 3463 1840 3535 venerabilium
1887 3475 2147 3554 patrum
2192 3459 2562 3543 Lodomerij

327 3569 453 3634 Dei
503 3571 728 3654 gracia
777 3572 1273 3659 StrigoniensiS,
1325 3577 1647 3644 ‚Iohannis
1682 3574 2062 3643 Oolocensis
2112 3572 2569 3658 Archiepisco-

330 3699 575 3763 porum,
626 3682 889 3749 Andree
956 3686 1338 3769 Agriensis,
1406 3689 1619 3753 Pasce
1665 3686 2021 3753 Nitriensis
2071 3684 2566 3769 Episcoporum,

330 3806 582 3855 necnon
629 3789 903 3857 aliorum
953 3794 1306 3860 Procerum
1357 3803 1420 3861 et
1464 3796 1833 3878 Baronum,
1902 3813 1981 3859 ac
2030 3789 2566 3859 consiliariorum

329 3898 542 3982 Regni
585 3899 790 3965 nostri
854 3900 1196 3968 uniuersas
1243 3904 1698 3987 possessiones
1749 3912 2039 3987 tempore
2086 3899 2383 3967 eiusdem
2448 3897 2568 3961 Re-
2659 3889 2664 3892 ⁷

328 4008 433 4092 gis
481 4005 777 4073 Ladislai
810 4014 943 4073 tam
993 4009 1361 4093 insignibus
1393 4011 1626 4097 prelijs
1675 4010 2053 4094 acquisitas,
2091 4007 2396 4074 videlicet
2426 4021 2568 4087 pos-

329 4117 686 4182 sessionem
735 4136 852 4184 seu
899 4118 1289 4186 Comitatum
1337 4123 1484 4208 Vng
1528 4120 1879 4189 vocitatum
1931 4128 2074 4205 etc.,
2123 4116 2331 4185 eidem
2378 4112 2567 4179 Omo-

334 4223 458 4290 deo
506 4224 812 4291 Palatino
862 4236 927 4295 et
971 4248 1088 4313 per
1137 4249 1279 4297 eum
1329 4231 1465 4296 suis
1511 4230 1860 4299 heredibus
1893 4265 1980 4277 —-
2012 4265 2100 4277 ——
2145 4226 2446 4291 duximus
2479 4255 2566 4267 —

332 4368 422 4377 —
455 4372 538 4381 —
573 4332 1051 4402 confirmandas
1086 4373 1173 4383 —-
1205 4372 1292 4385 -
1322 4376 1430 4403 —.
1462 4338 1539 4405 In
1574 4341 1756 4405 cuius
1804 4340 1902 4404 rei
1950 4336 2329 4406 memoriam
2361 4372 2446 4381 --
2481 4365 2564 4377 --

334 4478 424 4489 —
455 4450 799 4529 presentes
834 4445 1272 4512 concessimus
1319 4445 1571 4514 litteras
1612 4446 1890 4531 duplicis
1939 4446 2139 4531 sigilli
2184 4445 2388 4512 nostri
2436 4460 2568 4506 mu-

338 4552 580 4619 nimine
628 4556 1007 4638 roboratas3
1072 4553 1311 4638 sigillis
1375 4553 1829 4622 nichilominus
1898 4556 2244 4622 eorundem
2309 4559 2567 4638 patrum

337 4661 809 4730 venerabilium
857 4660 943 4728 ad
990 4663 1349 4730 vberiorem
1396 4665 1492 4729 rei
1539 4665 1858 4731 cautelam
1908 4665 2322 4751 presentibus
2373 4662 2565 4727 inter·

338 4769 570 4857 positis
602 4777 666 4835 et
712 4766 1054 4855 adjunctis.
1089 4771 1329 4838 Datum
1377 4794 1490 4857 per
1523 4793 1752 4842 manus
1793 4773 2055 4840 discreti
2100 4772 2223 4837 viri
2270 4768 2566 4854 magistri

342 4865 672 4946 Theodori
738 4881 1055 4966 Prepositi
1122 4882 1424 4948 Albensis
1492 4883 1825 4965 Ecclesie,
1896 4887 2040 4950 aule
2093 4889 2315 4949 nostre
2382 4885 2565 4951 Vice-

2155 4992 2228 5054 1*
