3416 5313
1427 340 1559 408 125

368 535 626 605 litteras
675 535 876 624 sigilli
908 539 1112 606 nostri
1159 537 1517 606 munimine
1548 541 1907 609 roboratas.
1962 542 2206 609 Datum
2260 560 2432 610 auno
2471 542 2600 608 Do·

369 643 529 710 mini
559 646 645 712 M.
679 644 806 714 CC.
841 648 1271 732 nonagesimo
1304 648 1548 731 quinto.

372 835 787 909 (Szakadozott
810 839 1074 914 hartyiin.
1101 841 1154 896 A
1178 840 1378 913 pecset
1403 843 1700 899 elveszett.
1729 841 2295 916 Pozsonykaptalani
2324 843 2596 916 orszagos

761 930 1021 990 leveltar.
1050 932 1243 1006 Capsa
1268 932 1422 990 XIV.
1448 937 1613 991 Fasc.
1639 936 1689 989 2.
1721 936 1853 992 Nro.
1882 935 1930 990 7.
1982 934 2207 1006 Knauz.)

1436 1766 1547 1830 85.

367 1962 432 2027 A
462 1962 860 2049 nayyvdradi
887 1962 1199 2047 kdptalan
1220 1963 1766 2050 bizonysa'ylevele,
1801 1963 1957 2048 koyy
1994 1964 2227 2027 Miklds
2258 1966 2320 2028 ἐκ
2349 1965 2601 2028 Fae-kas

353 2074 503 2157 fiai,
544 2070 775 2136 Miklo's
809 2070 1064 2156 qrosffal,
1103 2072 1265 2157 Tybe
1299 2072 1531 2156 fia‘val,
1582 2072 2007 2156 Fcketepatak
2039 2071 2386 2136 birtoklcisa
2430 2074 2603 2137 iniat

931 2185 936 2190 ’
1126 2202 1304 2265 eqyez
1335 2181 1591 2245 kednelc.
1639 2182 1840 2247 1295.

586 2376 895 2445 Omnibus
927 2377 1167 2446 Christi
1199 2377 1501 2445 fidelibus
1522 2379 1937 2462 presentibus
1990 2378 2238 2465 pariter
2277 2386 2342 2444 et
2374 2379 2608 2445 futuris

371 2486 743 2574 Capit-ulum
777 2487 1073 2553 Ecclesie
1122 2485 1579 2553 Waradiensis
1611 2486 2026 2571 presencium
2080 2487 2391 2553 noticiam
2423 2486 2607 2555 habi-

372 2597 533 2667 turis
568 2596 848 2663 salutem
898 2593 965 2661 in
999 2594 1277 2662 omnium
1333 2595 1686 2664 saluatore.
1720 2594 1982 2663 Noticie
2013 2594 2462 2678 vniuersorum
2496 2596 2608 2664 ha-

372 2728 514 2774 rum
546 2706 717 2772 serie
750 2706 1045 2771 uolumus
1080 2703 1442 2788 declarare,
1467 2704 1641 2788 quod
1662 2706 2001 2772 Dominico
2036 2713 2100 2771 et
2132 2705 2466 2773 Demetrio
2489 2704 2607 2773 Co-

371 2815 637 2881 mitibus
671 2813 824 2880 filiis
854 2812 1159 2899 Nycolai‚
1201 2831 1281 2877 ac
1315 2815 1503 2879 Petro
1526 2813 1656 2879 filio
1690 2813 2013 2881 Johannis
2035 2814 2151 2880 filii
2185 2814 2489 2899 Farkasij
2525 2814 2609 2879 ab

371 2944 502 2990 uua
533 2920 762 3009 parte3
794 2924 947 2986 item
996 2921 1246 2988 Comite
1295 2923 1592 3008 Nycolao
1627 2922 1762 2988 filio
1803 2923 1990 3008 Tybe
2022 2923 2107 2988 ab
2141 2926 2357 2989 altera
2391 2943 2607 2990 coram

372 3033 563 3097 nobis
597 3031 1027 3116 personaliter
1080 3030 1486 3113 constitutis,
1538 3030 1742 3116 ijdem
1792 3030 2191 3110 Dominicus‚
2237 3033 2611 3099 Demetrius

373 3150 440 3209 et
470 3145 704 3210 Petrus
738 3142 1028 3210 Comites
1062 3161 1255 3226 super
1306 3140 1484 3211 facto
1538 3148 1708 3207 terre
1744 3160 1861 3207 seu
1913 3141 2354 3227 possessionis
2389 3140 2610 3208 Feke—

374 3254 685 3337 teupotok
718 3259 953 3319 uocate
986 3252 1051 3316 in
1087 3250 1411 3320 Comitatu
1467 3252 1550 3318 de
1591 3252 1893 3333 Wgocha
1926 3252 2291 3336 existentis,
2327 3270 2445 3335 pro
2482 3268 2613 3331 qua

373 3369 598 3428 contra
628 3362 841 3445 ipsum
872 3360 1190 3427 Comitem
1222 3360 1585 3447 Nycolaum
1618 3358 1819 3426 filium
1871 3358 2061 3447 Tybe
2101 3359 2456 3444 judiciario
2510 3378 2610 3424 or·

373 3469 527 3537 dine
560 3471 922 3555 procedere
942 3469 1390 3552 intendebant,
1416 3483 1486 3534 ut
1519 3467 1842 3554 dixerunt,
1885 3470 2037 3551 quia
2069 3489 2112 3536 a
2142 3466 2611 3534 commetaneis

373 3585 439 3645 et
467 3578 703 3645 vicinis
738 3580 914 3648 dicte
965 3579 1406 3665 possessionis
1437 3579 1943 3665 Feketeupotok
1964 3627 1984 3662 ,
2034 3584 2099 3644 et
2132 3575 2508 3661 specialiter
2541 3576 2608 3641 in

374 3688 718 3772 priuilegio
770 3688 1010 3754 domini
1060 3688 1377 3773 Stephani
1424 3689 1620 3771 Regis
1652 3688 1989 3772 Hungarie
2040 3685 2252 3755 felicis
2309 3683 2610 3754 recorda·

378 3798 588 3866 cionis
624 3797 1112 3883 comperissent,
1146 3796 1356 3883 ipsam
1389 3797 1878 3882 possessionem
1911 3815 1993 3862 ex
2024 3794 2388 3864 donacione
2438 3794 2612 3860 eius-

376 3906 523 3975 dem
559 3907 811 3974 domini
842 3906 1163 3994 Stephani
1203 3908 1404 3992 Regis
1457 3927 1575 3993 per
1608 3907 1825 3991 ipsum
1876 3906 2192 3973 Comitem
2243 3905 2611 3991 Nycolaum

376 4015 578 4086 filium
607 4015 798 4102 Tybe
829 4036 947 4101 pro
980 4015 1284 4084 fidelibus
1318 4016 1618 4082 seruiciis
1641 4015 1778 4084 suis
1810 4021 1879 4082 et
1913 4014 2258 4098 sanguinis
2293 4012 2609 4080 effusione

374 4125 760 4193 multimoda
790 4122 994 4191 fuisse
1024 4142 1442 4211 possessam,
1498 4144 1664 4206 quas
1700 4124 1964 4209 quidem
2015 4124 2270 4189 litteras
2305 4122 2446 4186 siue
2479 4120 2606 4206 pri-

374 4232 692 4315 uilegium
725 4234 882 4302 dicti
918 4234 1164 4301 domini
1199 4233 1523 4320 Stephani
1571 4235 1776 4319 Regis
1818 4252 2014 4318 super
2047 4231 2409 4299 collacione
2443 4230 2608 4297 eius-

380 4344 533 4411 dem
566 4342 1008 4428 possessionis
1027 4342 1537 4428 Feketeupotok
1560 4342 1914 4423 confectas,
1950 4349 2014 4408 et
2045 4338 2234 4408 uobis
2256 4359 2375 4426 per
2395 4339 2610 4424 ipsum

386 4451 707 4521 Comitem
738 4451 847 4540 Ny
858 4452 1115 4526 colaum
1169 4450 1491 4520 exhibitas
1523 4451 1652 4520 fide
1687 4449 1974 4516 uidimus
2027 4449 2327 4518 occulata
2378 4454 2442 4515 et
2473 4469 2613 4533 per-

378 4561 676 4648 legimus,
709 4562 942 4648 preuia
972 4564 1235 4629 racione
1266 4560 1472 4646 ijdem
1504 4560 1794 4629 Comites
1829 4560 2121 4644 opinioni
2154 4566 2218 4625 et
2250 4557 2606 4626 intencioni

378 4690 598 4742 eorum
627 4672 693 4740 in
722 4671 850 4739 hac
881 4677 1079 4756 parte,
1101 4670 1547 4756 resipuissent,
1592 4690 1745 4756 ymo
1779 4668 1931 4754 quia
1963 4669 2213 4735 eladem
2244 4667 2392 4753 ipsa
2423 4685 2552 4751 pos
2582 4701 2601 4711 -
