3416 5313
1759 340 2029 445 252&

1823 995 1940 1062 98.

763 1198 858 1264 Az
889 1198 1126 1284 erdelyi
1157 1198 1474 1283 kdptalan
1525 1193 2052 1281 bizonysa'ylevele
2071 1247 2089 1280 ,
2143 1194 2615 1259 birtokcsererb'l
2665 1217 2743 1258 az
2774 1193 3023 1280 erdelyi

1272 1305 1536 1392 pilspb'k,
1572 1306 1634 1367 εἰς
1660 1303 1927 1369 Samson
1944 1303 2073 1387 fiai
2102 1302 2264 1369 k‘o'zt.
2298 1303 2493 1366 1296.

976 1503 1358 1590 Capitulum
1389 1501 1688 1570 Ecclesie
1723 1499 1916 1568 Beati
1968 1500 2315 1567 Michaelis
2352 1498 2753 1582 Archangeli
2806 1501 3024 1566 Tran-

759 1611 1043 1681 silvanie
1076 1612 1409 1680 vniuersis
1463 1619 1529 1678 et
1563 1609 1840 1694 singulis
1874 1608 2113 1693 quibus
2160 1615 2507 1693 presentes
2560 1608 3022 1690 ostenduntur,

761 1722 1044 1790 salutem
1094 1723 1161 1789 in
1215 1721 1498 1787 omnium
1552 1720 1909 1787 saluatore.
1963 1721 2050 1785 Vt
2102 1726 2295 1805 gesta
2344 1719 2679 1797 hominum
2702 1767 2719 1800 ,
2773 1739 2899 1802 que
2933 1737 3024 1782 ex

759 1832 930 1899 bono
964 1825 1204 1894 mentis
1238 1825 1602 1913 proposito,
1652 1825 1967 1908 bonaque
2000 1826 2489 1893 deliberacione
2528 1825 3016 1892 interveniente

759 1936 919 2003 fiunt
950 1938 1015 2003 in
1050 1944 1347 2021 tempore
1370 1984 1389 2017 ‚
1442 1953 1564 2004 nec
1594 1956 1714 2020 per
1746 1935 2111 2001 contrarias
2143 1936 2521 2018 uoluntates
2560 1953 2681 2020 per
2712 1939 3020 2018 tempora.

761 2044 1109 2127 elabantur
1143 2045 1230 2112 ad
1262 2048 1652 2130 perpetuam
1704 2043 1799 2113 rei
1839 2045 2257 2129 memoriam,
2312 2041 2813 2128 patrocinioque
2864 2063 3019 2110 con-

762 2159 1113 2222 sveverunt
1144 2153 1518 2219 litterarum
1573 2149 1807 2218 eadem
1845 2151 2247 2218 communiri.
2299 2151 2583 2237 Proinde
2634 2149 2721 2216 ad
2761 2150 3023 2218 vniuer-

766 2282 983 2329 sorum
1019 2267 1084 2328 et
1136 2261 1544 2344 singulorum
1578 2259 1890 2327 noticiam
1941 2259 2175 2325 harum
2208 2262 2511 2327 uolumus
2564 2259 2737 2326 serie
2786 2277 3023 2343 perve-

763 2370 905 2439 nire
936 2369 1344 2445 litterarum,
1394 2369 1569 2453 quod
1618 2369 2025 2435 venerabilis
2080 2377 2269 2453 pater
2302 2371 2374 2436 P.
2424 2367 2552 2436 Dei
2604 2364 2834 2453 gracia
2865 2367 3026 2450 Epi·

769 2498 1010 2562 scopus
1051 2479 1526 2548 Transilvauus
1549 2530 1566 2563 ,
1620 2479 1919 2544 Prelatus
1953 2485 2180 2546 noster
2204 2530 2220 2563 ,
2269 2486 2462 2564 prout
2494 2477 2864 2546 Ecclesiam
2897 2479 3027 2542 Be-

767 2587 859 2654 ati
891 2588 1236 2656 Michaelis
1270 2593 1412 2678 ipso
1444 2589 1730 2656 feliciter
1761 2590 2174 2681 gubernante
2207 2609 2470 2676 semper
2493 2587 2873 2675 prefuturus
2905 2605 3020 2651 ex-

766 2696 936 2780 titit,
985 2698 1083 2763 ita
1114 2700 1275 2765 etin
1312 2699 1746 2784 subsequenti
1796 2699 2188 2776 concambio
2245 2699 2421 2764 inter
2461 2718 2607 2764 eum
2658 2702 2726 2763 et
2755 2698 3022 2763 Petrum

767 2805 1105 2891 Comitem,
1138 2807 1526 2893 magistrum
1562 2808 1828 2874 Saulum
1848 2858 1867 2893 ,
1904 2815 1970 2874 et
1998 2807 2375 2894 Nycolaum
2424 2806 2622 2873 filium
2654 2805 2865 2893 ipsius
2897 2805 3026 2872 Co-

776 2915 954 2980 mitis
986 2915 1187 3001 Petri,
1221 2914 1336 2981 filii
1369 2917 1757 2999 Sampsonis
1793 2917 2151 3001 celebrato,
2183 2916 2504 3001 premisso
2540 2916 2881 2982 nobiscum
2916 2915 3022 2981 di-

763 3022 994 3109 ligenti
1016 3028 1316 3107 tractatu,
1354 3030 1422 3089 et
1454 3031 1677 3091 nostro
1713 3025 1799 3090 ad
1829 3024 1954 3092 hoc
1977 3042 2296 3091 consensu
2320 3024 2707 3105 accedente,
2741 3024 3023 3090 meliora
3057 3040 3075 3056 ·

765 3132 1221 3218 prospiciens,
1273 3133 1474 3198 talem
1510 3132 1951 3217 possessionis
1984 3132 2552 3215 permutacionem
2589 3131 3025 3217 solempniter

768 3238 1150 3317 celebrauit,
1172 3246 1243 3303 ut
1277 3239 1438 3305 data
1459 3245 1634 3322 terra
1653 3238 2144 3325 Kuncedvyuar
2170 3248 2426 3318 vocata,
2441 3240 2637 3325 juxta
2657 3239 3018 3325 Morisium,

767 3348 879 3414 uhi
915 3356 1064 3416 sunt
1095 3346 1219 3412 site
1254 3347 1381 3414 due
1413 3346 1589 3430 ville,
1624 3367 1758 3415 una
1776 3347 2065 3434 Wywar,
2100 3349 2393 3416 secunda
2433 3368 2588 3417 vero
2619 3348 2877 3436 Foludij
2909 3333 3024 3418 no-

765 3457 1040 3541 minata,
1076 3461 1143 3523 ct
1174 3455 1301 3522 due
1333 3456 1632 3527 Ecclesie
1663 3455 1953 3542 lapidee,
1985 3478 2117 3524 una
2154 3455 2463 3525 videlicet
2492 3458 2794 3526 Ecclesia
2827 3458 3021 3524 Beati

766 3564 1129 3646 Michaelis,
1164 3570 1232 3633 et
1263 3567 1475 3632 altera
1506 3566 1731 3633 Sancti
1767 3567 2035 3652 Georgij
2070 3571 2398 3655 martyr-ie,
2450 3589 2491 3635 a
2530 3568 2845 3653 predictis
2879 3568 3014 3633 Pe—

766 3680 864 3739 tro
898 3673 1189 3759 Comite,
1239 3675 1558 3759 magistro
1591 3676 1827 3760 Saule,
1882 3681 1947 3739 et
2000 3675 2295 3762 Nycolao
2345 3673 2481 3741 filio
2516 3674 2789 3744 comitis
2840 3678 3018 3744 Petri

771 3801 915 3847 cum
947 3785 1253 3851 omnibus
1285 3783 1678 3852 utilitatibus
1714 3791 1779 3851 et
1813 3784 2242 3867 pertinenciis
2262 3834 2279 3867 ,
2314 3790 2504 3871 prout
2534 3785 2734 3853 iidem
2773 3805 2855 3851 ex
2888 3784 3020 3854 col·
3051 3851 3058 3858 ,

771 3891 1036 3958 lacione
1085 3891 1283 3979 Regis
1318 3893 1638 3977 Stephani
1687 3892 1915 3960 inclite
1966 3894 2316 3975 memorie,
2369 3897 2455 3962 ab
2488 3894 2759 3976 antiquo
2793 3912 3018 3978 posse-

769 3999 952 4066 disse
984 3999 1502 4088 dignoscuntur,
1536 4000 1708 4068 idem
1739 4001 2144 4068 venerabilis
2177 4008 2366 4086 pater
2406 3999 2757 4084 quamdam
2789 4003 3015 4069 villam
3117 4005 3124 4015 ’

765 4108 1255 4193 Episcopalem,
1290 4111 1478 4177 sitam
1512 4112 1694 4176 iuxta
1728 4106 2067 4196 Aranyas‚
2100 4109 2356 4178 Foikod
2387 4118 2715 4195 uocatam,
2748 4111 2860 4178 ubi
2892 4111 3014 4179 Ec·

768 4214 973 4285 clesia
1003 4215 1231 4282 Sancti
1261 4217 1462 4303 Regis
1498 4216 1821 4303 Stephani
1854 4225 2231 4287 constructa
2262 4218 2543 4285 habetur
2565 4268 2582 4301 ,
2616 4236 2695 4283 eo
2721 4218 2873 4303 Jure
2905 4237 3013 4283 ea-

767 4344 895 4409 que
924 4326 1348 4412 plenitudine,
1382 4344 1513 4412 qua
1544 4326 1722 4393 idem
1757 4324 2057 4394 dominus
2091 4327 2482 4414 Episcopus,
2532 4331 2597 4394 et
2627 4325 2730 4393 sui
2779 4325 3014 4411 prede·

766 4454 1089 4518 cessores,
1122 4436 1190 4503 in
1222 4433 1697 4519 temporalibus
1730 4435 2120 4520 possedisse
2159 4436 2641 4521 dignoscuntur
2662 4484 2679 4517 ‚
2714 4434 3016 4501 similiter

770 4566 916 4615 cum
946 4546 1246 4614 omnibus
1277 4544 1671 4615 utilitatibus
1705 4552 1773 4612 et
1803 4546 2232 4633 pertinenciis
2266 4546 2425 4630 suis,
2459 4545 2525 4614 in
2559 4544 3013 4614 concambium

769 4656 968 4739 dedit,
1003 4662 1070 4722 et
1101 4655 1222 4722 sub
1254 4655 1444 4721 titulo
1490 4654 2005 4740 permutacionis
2036 4652 2197 4721 viris
2230 4638 2598 4738 assignavit
2650 4653 3012 4723 antedictis
