3416 5313
784 1184 829 1246 Ι
836 1183 901 1247 V.
937 1182 1170 1246 Mikzo's
1191 1186 1376 1267 pa'pa
1398 1182 1780 1245 Benvenutot
1800 1181 2090 1267 euyubiai
2108 1181 2423 1266 pitsp'o'kiit
2443 1140 3034 1266 Mayyarorsqura

1009 1293 1192 1354 nezvc
1224 1291 1399 1354 isme't
1432 1291 1701 1374 apostoli
1732 1291 2027 1354 k'o‘vetnek
2045 1289 2566 1373 felhatalmazza.
2621 1289 2818 1351 1290.

998 1489 1312 1563 Nicolaus
1333 1489 1703 1574 Episcopus
1724 1508 1956 1556 seruus
1991 1508 2323 1555 seruorum
2355 1488 2483 1554 Dei
2501 1486 2866 1556 venerabili
2897 1486 3030 1553 fra-

785 1598 870 1665 tri
901 1598 973 1662 B.
1006 1598 1332 1685 Episcopo
1365 1598 1715 1683 Eugubino
1736 1649 1754 1682 ,
1790 1599 2170 1684 Apostolice
2202 1595 2390 1663 Sedis
2421 1600 2698 1683 Legato,
2749 1596 3031 1663 salutem

786 1712 854 1772 et
886 1705 1332 1790 Apostolicam
1379 1705 1923 1776 benedictionem.
1974 1706 2122 1774 Etsi
2154 1706 2452 1771 Romana
2500 1702 2806 1774 Ecclesia
2830 1756 2847 1788 ‚
2885 1725 3034 1770 cun-

787 1820 1036 1882 ctorum
1064 1820 1271 1880 mater
1302 1820 1368 1878 et
1400 1812 1721 1898 magistra
1741 1814 2056 1899 fidelium,
2093 1815 2268 1879 circa
2301 1813 2631 1879 salubrem
2664 1815 3031 1899 Regnorum

784 1922 984 1988 totius
1026 1922 1547 1992 Christianitatis
1601 1930 1844 1988 statum
1898 1922 2357 1989 sollicitudinis
2412 1922 2699 1988 studium
2751 1922 3032 2010 gesserit

787 2030 1122 2121 diligentis
1144 2081 1163 2115 ,
1198 2050 1240 2097 a
1270 2031 1487 2116 longis
1520 2040 1741 2097 tamen
1772 2040 1948 2097 retro
1996 2031 2394 2115 temporibus
2430 2031 2605 2096 circa
2637 2037 2882 2097 statum
2913 2029 3034 2095 Re-

784 2141 899 2226 gni
932 2138 1223 2224 Ungarie
1255 2160 1638 2225 prosperum
1672 2147 1739 2205 et
1788 2142 2079 2208 votivum
2113 2159 2186 2205 se
2217 2159 2376 2207 cura
2414 2141 2723 2227 pervigili
2777 2149 2839 2206 et
2872 2160 3029 2222 qua-

787 2248 939 2316 dam
991 2248 1260 2315 solertia
1329 2250 1603 2335 speciali
1651 2255 1969 2316 attentam
2022 2248 2316 2317 exhibuit
2336 2301 2350 2329 ,
2423 2257 2489 2316 et
2542 2249 2852 2318 exhibere
2901 2270 3030 2316 non

788 2365 1025 2442 cessat,
1060 2364 1122 2424 et
1155 2363 1289 2427 tam
1321 2378 1441 2444 per
1473 2358 1870 2445 Legatorum
1919 2358 2265 2424 missiones
2300 2358 2805 2442 accommodaS,
2842 2365 3033 2444 prout

788 2474 1148 2551 temporum
1199 2468 1485 2549 qualitas
1539 2466 1884 2554 exigebat,
1939 2486 2135 2549 quam
2170 2467 2339 2535 alias
2379 2466 2576 2534 etiam
2611 2466 3034 2552 multipharie

787 2576 1140 2659 multisque
1189 2575 1401 2641 modis
1452 2576 1762 2643 laborare
1810 2576 2071 2658 studuit,
2122 2583 2193 2641 ut
2227 2582 2434 2642 status
2476 2578 2771 2643 eiusdem
2801 2577 3032 2664 Regni,

789 2685 1059 2752 devotos
1092 2682 1271 2750 soliti
1301 2684 1666 2768 producere
1696 2683 1866 2752 filios
1891 2736 1909 2768 ,
1949 2685 2244 2771 pacificis
2278 2692 2344 2751 et
2378 2685 2745 2768 tranquillis
2781 2704 3032 2752 succes-

790 2792 972 2857 sibus
1008 2789 1375 2879 fulciretur,
1409 2794 1553 2859 Deo
1587 2801 1817 2878 gratus
1851 2785 2214 2876 existeret,
2251 2815 2331 2860 ac
2365 2795 2652 2861 salubris
2685 2794 3033 2860 haberetur

791 2907 855 2967 et
883 2900 1064 2965 utilis
1097 2900 1326 2967 incolis
1380 2900 1537 2969 dicti
1568 2901 1818 2987 Regni;
1855 2908 1921 2967 et
1951 2908 2019 2966 ut
2055 2901 2220 2968 fides
2272 2900 2614 2970 Catholica
2633 2952 2651 2985 ,
2685 2923 2802 2987 per
2836 2922 3027 2985 quam

791 3009 1053 3075 celestis
1087 3009 1517 3080 beatitudinis
1538 3011 1898 3094 acquiritur
1931 3012 2164 3094 gloria,
2200 3010 2531 3079 radicibus
2554 3012 2786 3078 solidis
2819 3010 3034 3077 firma·

788 3125 962 3186 retur
995 3129 1058 3185 et
1090 3119 1439 3186 stabilibus
1490 3127 2019 3185 manuteneretur
2053 3121 2288 3187 studiis
2328 3122 2394 3183 in
2429 3120 2675 3189 eodem.
2715 3120 2910 3188 Unde
2944 3120 3034 3184 fe-

788 3227 937 3293 licis
967 3227 1446 3297 recordationis
1479 3226 1796 3295 Nicolaus
1830 3230 2015 3311 Papa
2065 3229 2294 3295 tertius
2327 3228 2757 3312 predecessor
2788 3236 3032 3302 noster,

788 3337 1103 3423 perducto
1136 3338 1224 3405 ad
1256 3339 1394 3401 eius
1415 3337 1726 3402 noticiam
1758 3335 1983 3401 valide
2005 3337 2396 3404 turbationis
2430 3337 2829 3420 discrimine,
2864 3339 3034 3422 quod

789 3446 858 3511 in
890 3445 1115 3530 Regno
1166 3448 1310 3531 ipso
1371 3450 1667 3528 tempore
1722 3444 2094 3525 quondam.
2137 3492 2151 3506 .
2186 3493 2200 3506 .
2234 3446 2432 3532 Regis
2484 3445 2776 3532 Ungarie
2827 3467 3031 3531 nuper

793 3555 1033 3622 sublati
1069 3556 1150 3619 de
1182 3553 1396 3619 medio
1431 3554 1835 3630 imminebat,
1870 3561 1935 3618 et
1966 3553 2099 3620 alia
2123 3603 2139 3636 ,
2193 3573 2317 3635 que
2351 3554 2728 3637 dampnatis
2763 3556 3032 3621 ausibus

789 3662 1342 3750 perpetrabantur
1391 3659 1630 3728 ibidem
1682 3661 1750 3723 in
1785 3661 2275 3744 derogationem
2332 3683 2455 3726 non
2510 3662 2831 3730 modicam
2881 3665 3031 3731 fidei

789 3772 1185 3851 Christiane,
1221 3772 1786 3838 conculcationem
1823 3768 2278 3837 ecclesiastice
2309 3772 2639 3837 libertatis
2669 3778 2736 3840 et
2770 3793 3033 3861 oppres-

792 3884 1009 3949 siones
1040 3881 1437 3965 multiplices
1462 3879 1885 3961 Prelatorum,
1909 3881 2350 3949 Ecclesiarum
2386 3887 2452 3946 et
2473 3880 3033 3967 Monasteriorum,

792 3997 858 4056 et
889 3990 1160 4058 aliorum
1194 3989 1447 4073 piorum
1495 3990 1785 4054 locorum
1817 3987 2026 4073 Regni
2080 3988 2394 4069 predicti,
2445 3989 2678 4054 volens
2734 3992 2933 4058 tantis
2969 4001 3032 4058 et

792 4106 924 4169 tam
959 4099 1266 4184 gravibus
1319 4097 1587 4165 obviare
1618 4096 1928 4180 periculis
1951 4147 1966 4178 ,
2022 4104 2086 4159 et
2118 4097 2292 4162 Cleri
2325 4117 2405 4162 ac
2437 4100 2762 4164 Baronum
2816 4108 2882 4166 et
2913 4120 3029 4184 po·

792 4207 925 4292 puli
960 4207 1253 4273 eiusdem
1286 4207 1495 4293 Regni
1521 4203 1882 4289 dispendiis
1937 4206 2345 4290 compatiens
2380 4226 2463 4271 ex
2497 4208 2758 4291 affectu,
2793 4207 2878 4275 ad
2912 4211 3030 4273 Re-

789 4336 984 4402 gnum
1061 4317 1274 4400 ipsum
1326 4315 1776 4381 venerabilem
1827 4313 2097 4380 fratrem
2146 4319 2440 4380 nostrum
2495 4363 2505 4373 .
2546 4362 2561 4376 .
2597 4363 2610 4376 .
2645 4315 3028 4384 Firmanum

790 4426 1225 4511 Episcopum,
1278 4426 1485 4490 virum
1520 4423 1737 4506 utique
1771 4420 2101 4505 providum
2138 4428 2200 4486 et
2234 4420 2619 4505 discretum,
2671 4426 3024 4492 virtutibus

785 4533 1103 4619 preditum
1156 4541 1220 4598 et
1261 4533 1533 4617 justicie
1568 4532 1964 4611 zelatorem,
2005 4546 2150 4593 cum
2181 4530 2376 4612 plene
2410 4533 2762 4617 legationis
2811 4530 3025 4601 officio

788 4640 1164 4724 destinavit,
1196 4648 1266 4709 ut
1302 4637 1623 4708 indirecta
1664 4636 2009 4719 dirigeret,
2064 4642 2282 4704 errata
2312 4638 2666 4726 corrigeret
2717 4646 2782 4704 et
2813 4638 3030 4708 defor-
