3416 5313
1909 405 2041 474 240
2090 499 2130 504 ,-

843 601 964 672 das
999 607 1067 673 in
1098 603 1291 671 metis
1322 610 1389 673 et
1420 602 1741 689 terminis,
1775 604 1843 668 in
1879 603 2112 686 quibus
2147 605 2380 672 eedem
2412 606 2879 691 possessiones
2912 612 3091 677 nobi·

839 716 996 785 lium
1031 734 1147 800 per
1179 711 1450 783 eosdem
1483 718 1684 781 antea
1715 711 1941 781 habite
1972 712 2236 780 fuerunt
2292 718 2358 781 et
2410 734 2717 800 possesse
2739 765 2756 799 ‚
2810 723 2875 784 et
2907 716 3093 803 ipsas

832 826 1288 915 possessiones
1323 822 1641 890 dictorum
1670 819 1854 887 Zoda
1872 870 1890 905 ‚
1924 822 2091 888 Bors
2123 827 2189 886 et
2219 822 2494 905 Nicolai‚
2533 827 2598 888 et
2629 822 2907 891 eandem
2959 834 3088 893 ter-

834 958 976 1005 ram
1007 932 1393 1019 Reginalem
1425 949 1546 1017 per
1564 929 1952 1014 Magistrum
1985 929 2305 995 Leurente
2342 926 2659 996 Comitem
2688 932 3090 1022 Wezprimy-

842 1063 1085 1126 ensem,
1120 1042 1450 1108 hominem
1483 1037 1749 1105 Domini
1771 1037 1992 1123 Regis,
2016 1054 2159 1101 cum
2190 1039 2862 1123 ydoneoftestimonio
2898 1042 3091 1131 Capi-

833 1151 953 1218 tuli
984 1148 1542 1235 Wczprimyensis
1577 1144 1982 1214 reambulari
2011 1145 2283 1211 fecimus
2320 1165 2434 1230 per
2466 1153 2723 1214 ueteres
2757 1155 2972 1217 metas
3026 1162 3091 1218 et

833 1261 1165 1344 antiquas,
1199 1265 1266 1324 et
1296 1257 1481 1322 iuxta
1519 1253 1786 1322 easdem
1823 1273 2028 1321 nouas
2068 1261 2278 1321 metas
2312 1254 2478 1337 erigi
2511 1255 2816 1323 faciendo
2852 1266 2918 1326 et
2950 1266 3085 1327 sta-

830 1371 924 1437 tui
957 1369 1174 1436 eidem
1206 1365 1467 1433 domine
1517 1365 1789 1449 Regine‚
1828 1370 1893 1430 et
1915 1363 2316 1448 j0bagiones
2366 1362 2660 1429 ciusdem
2695 1366 2761 1429 in
2814 1369 3084 1435 easdem

833 1474 1187 1558 introduci,
1224 1473 1288 1538 in
1322 1490 1597 1555 quarum
1626 1471 2182 1556 reambulacione,
2218 1475 2284 1536 et
2315 1471 2686 1536 statucione
2719 1477 2935 1544 nullus
2973 1496 3077 1542 ex-

832 1586 1002 1653 stitit
1032 1580 1516 1661 contradictor,
1566 1585 1763 1665 prout
1796 1577 2002 1645 series
2049 1576 2642 1663 reambulacionis,
2698 1584 3085 1652 statucionis

832 1704 898 1761 ct
931 1691 1379 1761 estimacionis
1411 1686 1852 1773 predictarum
1888 1685 2380 1772 possessionum
2420 1687 2483 1750 in
2514 1686 2759 1755 litteris
2795 1688 3085 1776 Capituli

829 1799 1387 1888 Wezprimyensis
1442 1796 1680 1866 exinde
1734 1796 2051 1863 confectis
2102 1793 2360 1879 plenius
2417 1796 2697 1864 uidimus
2739 1802 3083 1867 contineri.

832 1911 1077 1978 Cursus
1109 1928 1266 1975 uero
1302 1904 1724 1989 antiquarum
1758 1911 2097 1988 metarum,
2135 1911 2200 1971 et
2240 1920 2555 1969 nouarum
2591 1902 2775 1970 iuxta
2825 1914 3083 1976 ueteres

831 2025 1214 2101 erectarum,
1247 2014 1543 2082 eiusdem
1573 2021 1751 2080 terre
1790 2012 2130 2096 Reginalis
2150 2058 2169 2089 ,
2220 2010 2389 2077 sicut
2421 2009 2487 2075 in
2523 2011 2757 2081 litteris
2791 2015 3086 2085 eiusdem

834 2124 1119 2214 Capituli
1153 2123 1584 2209 comperimus
1606 2171 1625 2207 ,
1659 2122 1788 2187 hoc
1827 2118 2058 2186 ordine
2111 2118 2627 2204 distinguuntur,
2665 2122 2841 2203 quod
2873 2125 3087 2209 prima

832 2242 1006 2301 meta
1038 2232 1271 2316 incipit
1299 2232 1367 2297 in
1399 2231 1685 2316 virgulto
1738 2227 1892 2294 ville
1941 2225 2214 2311 Bugdan
2254 2248 2370 2312 per
2401 2225 2663 2297 dumum
2696 2231 2888 2316 ilycis
2923 2236 3083 2301 assi-

833 2348 1118 2427 gnatam,
1152 2336 1234 2405 de
1274 2356 1552 2441 quaper
1602 2336 1904 2403 metalem
1948 2333 2446 2401 distinccionem
2505 2343 2822 2403 terrarum
2855 2340 2986 2425 Wg
3019 2352 3084 2410 et

833 2449 1122 2515 eiusdem
1156 2456 1327 2514 terre
1361 2445 2021 2533 Arkybanazurchuk
2062 2444 2396 2529 uergendo
2430 2465 2664 2513 uersus
2697 2458 2920 2532 partes
2956 2474 3081 2518 me-

842 2556 1195 2624 ridionales
1217 2561 1282 2622 et
1302 2552 1637 2641 tangendo
1660 2554 2009 2641 quamdam
2049 2573 2311 2638 pomum
2353 2553 2594 2620 oltwan
2632 2555 2874 2623 dictam
2913 2565 3083 2629 tran-

836 2666 922 2732 sit
954 2665 1021 2730 in
1053 2684 1292 2747 aquam
1322 2664 1631 2748 Turnwa‚
1665 2670 1733 2731 et
1763 2664 2066 2749 peruenit
2106 2658 2254 2750 (ad)
2307 2662 2606 2731 arborem
2659 2684 2826 2755 orny
2858 2667 3086 2736 distin-

840 2781 1008 2839 ctam
1042 2772 1127 2838 ab
1159 2791 1335 2855 aqua
1351 2771 1637 2838 Turnwa
1670 2773 1761 2839 ad
1797 2772 2119 2839 iacturam
2153 2770 2407 2837 securis
2439 2776 2507 2836 et
2537 2776 2671 2838 tres
2706 2792 2969 2862 passus,
3003 2777 3085 2843 de

837 2901 966 2965 qua
1001 2900 1118 2965 per
1151 2899 1409 2949 cursum
1444 2880 1604 2947 solis
1639 2879 1984 2947 declinans
2026 2879 2118 2947 ad
2153 2886 2376 2964 partes
2410 2878 2767 2947 occidentis
2801 2900 2947 2949 cum
2980 2905 3087 2953 eo·

828 2992 976 3060 dem
1010 2988 1230 3059 fluuiio
1259 2989 1548 3057 Turnwa
1579 2988 1766 3056 vadit
1812 2989 1902 3055 ad
1935 2998 2213 3072 quatuor
2257 2987 2635 3054 molendina
2667 2988 2972 3057 Ladizlai
3015 2993 3085 3057 fi-

833 3100 908 3167 lii
943 3096 1119 3166 Rusd
1154 3099 1492 3166 currencia
1523 3098 1663 3166 siue
1699 3096 2020 3165 molencia
2055 3095 2255 3162 fiuuio
2291 3098 2356 3162 in
2411 3095 2683 3183 eodem3
2718 3104 2893 3163 retro
2927 3119 3084 3184 quo-

830 3229 967 3274 rum
1003 3208 1265 3291 singula
1298 3212 1448 3272 sunt
1479 3205 1740 3292 singule
1774 3214 2049 3288 quatuor
2084 3211 2253 3272 mete
2284 3211 2504 3271 terree
2526 3203 2831 3271 similiter
2865 3208 2957 3275 ad
2991 3209 3085 3276 ia·

831 3322 1080 3384 cturam
1117 3316 1363 3382 securis
1398 3319 1467 3380 et
1496 3322 1630 3382 tres
1663 3332 1925 3398 passus,
1969 3313 2053 3381 de
2086 3333 2354 3397 quorum
2391 3315 2617 3381 vltimo
2650 3317 2756 3383 vel
2789 3316 3085 3384 inferiori

831 3441 1113 3508 vergens
1145 3422 1361 3489 adhuc
1392 3421 1483 3488 ad
1531 3428 1762 3505 partes
1795 3440 1915 3505 per
1949 3421 2219 3489 easdem
2253 3422 2554 3506 peruenit
2586 3422 2674 3489 ad
2708 3443 2902 3491 vnam
2959 3444 3087 3490 me·

833 3539 968 3598 tam
1000 3529 1193 3619 ilycis
1224 3532 1594 3614 copulatam
1642 3529 1820 3598 ultra
1849 3529 2215 3616 predictum
2248 3527 2517 3595 fluuium
2551 3554 2593 3599 a
2641 3529 2918 3599 meridie
2952 3533 3086 3599 exi·

832 3646 1133 3721 stentem,
1169 3639 1252 3706 de
1288 3660 1419 3723 qua
1449 3639 1631 3707 uenit
1664 3640 1751 3709 ad
1785 3638 2225 3707 molendinum
2259 3639 2558 3706 Ecclesie
2592 3639 3084 3727 Wezprimyen·

830 3750 924 3815 sis
953 3749 1020 3814 in
1052 3755 1230 3817 terra
1259 3750 1651 3836 Zulgagewr
1702 3754 1943 3816 vocata
1972 3749 2313 3816 fundatum
2348 3754 2415 3814 et
2446 3757 2890 3818 constructum
2942 3772 3081 3818 cur-

829 3874 980 3924 rens
1011 3855 1208 3923 fluuio
1241 3857 1307 3922 in
1340 3855 1592 3925 eodem.
1618 3860 1693 3924 In
1744 3857 1930 3924 cuius
1963 3858 2266 3927 clausure
2312 3859 2453 3923 siue
2484 3857 2808 3925 obstaculi
2862 3860 3085 3947 capite

830 3966 1230 4031 transeundo
1262 3964 1478 4048 ipsum
1512 3963 1778 4031 fluuium
1813 3974 1878 4034 et
1909 3964 2242 4051 tangendo
2275 3984 2472 4031 vnam
2509 3965 2780 4032 salicem
2816 3986 3081 4054 regera-

832 4079 932 4139 tur
962 4091 1080 4155 per
1113 4070 1551 4139 molendinum
1590 4072 1877 4139 Emerici
1907 4094 2025 4161 per
2055 4082 2278 4159 partes
2311 4072 2676 4141 occidentis
2709 4094 2827 4160 per
2857 4075 3080 4142 latitu-

830 4179 1048 4247 dinem
1082 4179 1355 4247 duorum
1405 4181 1741 4266 iugerum,
1795 4188 1859 4249 et
1893 4201 2020 4264 quo
2069 4182 2203 4248 iam
2244 4182 2494 4251 directe
2545 4180 2630 4248 ad
2682 4182 3080 4265 aquilionem

832 4285 1150 4355 currendo
1201 4307 1320 4372 per
1369 4286 1844 4373 longitudinem
1893 4288 2086 4357 vuius
2138 4285 2385 4375 iugeris
2421 4288 2598 4355 venit
2629 4288 2719 4357 ad
2758 4290 3080 4376 salycem‚

829 4394 1072 4464 abhinc
1092 4401 1311 4464 autem
1334 4398 1611 4465 curritur
1634 4397 1820 4465 iuxta
1842 4417 2067 4466 nemus
2086 4398 2503 4485 Kywsberek
2523 4396 2770 4465 dictum
2790 4399 2879 4466 ad
2899 4401 3083 4483 aqui-

825 4506 1061 4590 lonem,
1096 4505 1207 4572 vbi
1239 4506 1440 4573 intrat
1477 4526 1675 4574 vnum
1707 4508 2061 4592 virgultum
2092 4507 2501 4595 wasberek
2536 4508 2869 4593 wlgariter
2925 4505 3083 4596 nun}

828 4620 1177 4696 cupatum,
1209 4613 1382 4696 quod
1415 4617 1818 4682 transeundo
1852 4622 2075 4701 partes
2110 4616 2195 4681 ad
2230 4616 2501 4683 easdem
2552 4616 2734 4681 venit
2759 4615 2846 4682 ad
2893 4615 3082 4684 aliud

829 4720 1271 4788 molendinum
1305 4721 1744 4808 'I'umpatowa
1774 4726 2178 4808 appellatum
2212 4721 2646 4810 transseundo
2679 4742 2874 4790 vnam
2901 4723 3082 4791 viam
