3416 5313
1436 399 1561 467 109

373 598 708 684 predictis.
742 600 905 668 Item
932 598 1107 682 quod
1141 598 1424 684 predicti
1454 599 1749 668 homines
1783 598 1865 665 de
1900 593 2192 681 Almisio,
2226 614 2342 663 seu
2369 613 2488 679 per
2505 593 2606 660 ul-

369 710 469 777 los
492 727 711 776 eorum
734 709 843 774 vel
864 708 1143 793 alicujus
1168 727 1409 791 eorum,
1447 728 1563 776 seu
1585 727 1704 795 per
1724 706 2047 793 homines,
2082 704 2194 787 qui
2225 724 2296 772 se
2317 710 2612 789 recepta-

372 821 516 884 rent
545 836 662 904 pro
697 816 813 903 eis,
848 819 954 886 vel
972 825 1192 885 essent
1213 818 1334 885 sub
1358 837 1578 886 eorum
1600 815 1909 899 domini0‚
1932 836 2060 883 non
2085 816 2518 884 aeeostabunt
2539 832 2610 878 se

373 945 516 993 eum
540 944 759 993 eorum
779 924 979 1012 ligno,
1017 925 1346 1014 vellignis
1372 925 1569 995 alicui
1590 927 1697 993 vel
1719 925 2051 1009 aliquibus
2074 925 2252 1008 ligno
2285 923 2613 1007 vellignis

372 1031 803 1101 veneciarum
821 1035 925 1099 vel
945 1035 1383 1102 habitatorum
1398 1032 1847 1117 veneciarum,
1872 1032 2178 1116 fidelium,
2201 1034 2308 1100 vel
2327 1031 2610 1099 subdito-

370 1159 508 1206 rum
543 1162 624 1208 ac
655 1140 1157 1210 districtualium
1192 1141 1439 1210 domini
1472 1141 1673 1211 Ducis
1699 1193 1719 1226 ‚
1751 1160 1874 1208 nec
1917 1140 2194 1208 inferent
2227 1139 2330 1208 vel
2364 1139 2611 1208 facient

372 1249 488 1332 eis,
520 1249 626 1315 vel
653 1249 854 1318 alicui
889 1268 1130 1334 eorum,
1157 1272 1280 1318 nee
1312 1251 1426 1317 alii
1459 1252 1559 1317 vel
1595 1249 1770 1333 aliis,
1813 1249 1925 1334 qui
1964 1249 2131 1316 foret
2172 1248 2276 1315 vel
2309 1245 2609 1315 ferentin

371 1354 542 1424 dicto
565 1358 744 1442 ligno
777 1360 882 1424 vel
903 1358 1118 1443 lignis,
1142 1359 1460 1444 iniuriam,
1485 1358 1873 1441 molestiam,
1905 1358 2280 1441 dampnum,
2304 1354 2603 1423 offensio-

372 1485 523 1532 nem
555 1468 659 1532 vel
694 1485 1046 1549 gravamen
1080 1466 1143 1530 in
1177 1468 1479 1554 personis
1501 1469 1606 1536 vel
1640 1465 1835 1534 rebus
1862 1466 2294 1534 existentibus
2330 1467 2397 1532 in
2430 1467 2609 1551 ligno

371 1576 478 1644 vel
499 1573 812 1662 lignis.1⁴3t
834 1575 1039 1643 eciam
1062 1575 1393 1664 predictos
1404 1578 1712 1656 Venetos,
1736 1574 2142 1644 habitatores
2158 1575 2608 1660 Veneciarum,

371 1681 623 1769 fideles,
648 1683 944 1752 subditos
980 1690 1041 1749 et
1068 1682 1510 1753 districtuales
1545 1684 1702 1753 dieti
1731 1682 1973 1752 domini
2008 1682 2213 1750 Ducis
2249 1683 2608 1751 existentes

372 1793 437 1857 in
470 1793 648 1877 ligno
679 1790 785 1859 vel
816 1791 1009 1877 lignis
1045 1791 1508 1862 forinsecorum
1529 1842 1550 1873 ,
1604 1811 1749 1863 eum
1781 1794 2078 1877 personis
2119 1792 2224 1858 vel
2258 1795 2449 1860 rebus
2482 1812 2611 1857 non

373 1898 724 1985 offendent,
760 1920 882 1968 nee
915 1901 1010 1967 eis
1049 1900 1333 1969 inferent
1353 1953 1371 1988 ‚
1425 1922 1547 1971 nee
1576 1902 1824 1971 facient
1855 1900 2185 1987 injuriam,
2220 1901 2612 1987 molestiam,

373 2007 720 2095 dampnum
748 2061 761 2089 ,
798 2008 1228 2077 offensionem
1249 2061 1265 2094 ,
1300 2011 1405 2077 vel
1437 2031 1797 2097 gravamen
1824 2011 1891 2077 in
1938 2009 2242 2096 personis
2274 2009 2377 2077 vel
2415 2012 2609 2077 rebus

374 2134 608 2198 eorum,
644 2115 760 2183 sed
793 2136 906 2185 eos
942 2138 1164 2186 omnes
1198 2125 1264 2186 et
1295 2120 1589 2204 singulos
1639 2139 1858 2187 eorum
1891 2139 2033 2187 eum
2067 2117 2366 2203 personis
2402 2124 2466 2183 et
2501 2119 2609 2183 bo-

373 2225 475 2292 nis
511 2225 805 2293 omnibus
840 2234 906 2294 et
954 2229 1151 2295 rebus
1185 2247 1431 2314 eorum,
1465 2234 1600 2293 tam
1650 2227 1719 2293 in
1754 2229 1889 2294 suis
1932 2245 2127 2312 quam
2162 2226 2228 2299 in
2263 2226 2608 2296 forinseco-

373 2355 512 2400 rum
545 2335 723 2420 ligno
755 2337 862 2404 vel
912 2336 1109 2421 lignis
1140 2337 1477 2403 habebunt
1507 2337 1729 2402 saluos
1779 2344 1840 2400 et
1877 2355 2161 2418 securos,
2197 2354 2319 2403 nec
2355 2337 2610 2404 venient

375 2446 458 2510 ab
493 2445 766 2509 Ancona
785 2444 955 2511 ultra
976 2462 1180 2526 usque
1207 2444 1546 2526 Veneeias‚
1570 2464 1692 2512 nec
1726 2443 1894 2509 Ania
1920 2439 2010 2530 (‘?)
2035 2445 2204 2509 ultra
2235 2464 2469 2510 versus
2492 2443 2611 2512 Ve-

379 2552 626 2636 necias,
659 2551 787 2617 nisi
821 2560 993 2619 esset
1014 2557 1282 2637 propter
1304 2552 1631 2620 fortunam
1653 2557 1768 2616 aut
1799 2549 2248 2619 austeritatem
2282 2553 2612 2637 temporis.

373 2661 446 2725 In
482 2678 607 2742 quo
640 2661 909 2744 quidem·
936 2660 1256 2727 neminem
1292 2659 1623 2728 offendent
1649 2666 1783 2727 tam
1818 2661 2144 2729 Venetum
2177 2652 2367 2745 quam
2401 2663 2611 2730 foren-

374 2790 553 2854 sem3
587 2767 706 2837 sed
738 2770 1042 2837 redibunt
1077 2770 1248 2837 ultra
1278 2769 1491 2837 dictos
1515 2767 1805 2837 confines
1841 2790 2037 2852 quam
2070 2777 2372 2857 poterunt
2402 2771 2612 2836 citius.

375 2878 677 2944 Ceterum
699 2876 757 2944 si
778 2878 1180 2970 contingeret
1213 2877 1431 2962 aliquo
1465 2897 1645 2963 casu,
1670 2876 1837 2961 quod
1864 2897 1981 2962 per
2014 2878 2258 2946 dictum
2280 2878 2612 2947 dominum

375 2984 693 3053 Comitem
725 2985 1076 3072 Georgium
1109 2988 1217 3055 vel
1259 2987 1538 3070 aliquem
1572 2986 1900 3053 hominem
1934 2988 2209 3071 Almisii‚
2244 3008 2361 3058 seu
2392 2986 2613 3055 subdi·

374 3103 587 3161 torum
636 3114 898 3162 suorum
950 3096 1215 3164 daretur
1247 3094 1596 3181 dampnum
1642 3094 1837 3163 alicui
1871 3096 2143 3182 Veneto,
2179 3096 2499 3182 subjeet0‚
2534 3094 2613 3160 fi-

375 3203 524 3286 deli,
557 3203 919 3273 habitatori
953 3205 1059 3271 vel
1086 3205 1481 3273 districtuali
1514 3204 1672 3271 dicti
1706 3204 1948 3270 domini
1983 3206 2182 3274 Ducis
2216 3215 2280 3274 et
2314 3208 2608 3273 Commu·
2651 3257 2658 3260 f

375 3312 475 3379 nis
508 3312 958 3397 veneciarum,
992 3316 1164 3396 quod
1184 3314 1327 3399 ipse
1360 3311 1656 3381 dominus
1690 3312 1925 3381 Comes
1959 3315 2277 3400 Georgius
2309 3321 2610 3382 teneatur

377 3423 580 3487 totum
613 3416 971 3503 dampnum
1004 3416 1161 3486 illud
1182 3419 1430 3505 datum,
1452 3441 1594 3489 cum
1626 3420 1821 3489 fuerit
1852 3443 1973 3507 per
2006 3422 2331 3492 dominum
2365 3425 2609 3493 Ducem

376 3525 759 3610 requisitum
807 3526 982 3594 infra
1013 3547 1208 3595 unum
1238 3548 1524 3595 mensem
1550 3581 1567 3614 ‚
1619 3537 1965 3617 postquam
2003 3534 2147 3617 ipsa
2181 3538 2449 3619 saytea,
2505 3535 2613 3601 vel

375 3636 618 3718 lignum
638 3686 657 3719 ‚
709 3635 814 3700 vel
840 3634 1023 3721 ligna
1054 3635 1120 3702 in
1153 3636 1494 3705 Almisium
1514 3689 1531 3722 ‚
1584 3641 1688 3706 vel
1722 3641 1806 3705 ad
1842 3642 1989 3710 loca
2022 3643 2128 3709 vel
2182 3649 2393 3710 terras
2428 3662 2608 3726 suas,

374 3744 642 3811 fratrum
674 3761 933 3810 suorum
969 3744 1073 3811 vel
1097 3742 1366 3812 alterius
1390 3766 1632 3829 eorum,
1655 3766 1774 3815 seu
1794 3756 2004 3816 terras
2024 3751 2128 3818 vel
2165 3751 2312 3819 loca
2346 3751 2611 3835 fidejus·

375 3872 587 3920 sorum
621 3852 896 3939 redibit,
932 3872 1049 3921 seu
1079 3853 1370 3922 homines
1424 3855 1628 3937 ipsius
1663 3855 1823 3942 ligni
1854 3861 1961 3924 vel
1993 3866 2225 3947 saytee
2258 3868 2369 3928 aut
2403 3860 2612 3928 disca-

374 3961 606 4047 rigatis
659 3961 766 4027 vel
816 3961 1034 4028 missis
1085 3961 1279 4029 rebus
1331 3964 1622 4047 acceptis
1655 3964 1720 4028 in
1775 3965 2137 4052 Almisium‚
2187 3969 2292 4035 vel
2326 3969 2391 4033 in
2425 3969 2614 4036 terris

372 4071 479 4136 vel
511 4076 723 4135 terras
772 4067 1231 4155 fidejussorum
1261 4072 1368 4137 vel
1411 4073 1838 4139 communium
1872 4073 2456 4163 infrascriptorum‚
2506 4078 2614 4144 vel

372 4179 438 4244 in
473 4179 640 4245 alias
693 4177 1027 4261 subjectas
1079 4178 1377 4263 predicto
1429 4177 1711 4244 Domino
1748 4180 1981 4247 Comiti
2015 4182 2300 4269 Geor-gio
2339 4187 2445 4252 vel
2478 4184 2609 4250 fra-

373 4287 582 4353 tribus
617 4286 825 4372 ipsius
860 4304 1241 4370 quoeunque
1273 4287 1465 4353 modo
1500 4289 1745 4354 dictum
1779 4288 2087 4355 damnum
2119 4298 2320 4360 totum
2353 4294 2609 4380 integre

371 4396 777 4464 satisfacere.
813 4396 899 4462 Et
929 4396 985 4461 si
1020 4396 1265 4463 dictum
1300 4398 1545 4481 lignum
1598 4397 1706 4464 vel
1742 4397 1936 4482 ligna,
1975 4401 2076 4466 vel
2126 4422 2289 4486 gens
2326 4423 2447 4471 sua
2479 4423 2610 4470 non

370 4503 619 4573 rediret
640 4503 724 4568 ad
756 4503 904 4569 loca
934 4504 1260 4590 predicta,
1290 4506 1399 4571 vel
1431 4504 1698 4570 fratrum
1736 4524 2013 4593 suorum,
2049 4510 2155 4575 vel
2189 4509 2461 4577 alterius
2496 4530 2611 4577 eo-

373 4633 532 4696 rum,
568 4619 634 4678 et
666 4610 965 4679 dominus
1015 4612 1162 4679 Dux
1196 4613 1406 4699 ipsum
1458 4615 1767 4681 damnum
1816 4621 2066 4699 peteret
2114 4618 2221 4684 uel
2250 4618 2612 4701 requireret

374 4730 526 4791 ante
559 4742 935 4809 regressum
970 4741 1188 4801 suum,
1223 4724 1518 4811 promisit
1543 4724 1701 4792 dare
1735 4731 1982 4792 tantum
2017 4726 2076 4790 in
2114 4746 2340 4795 aurum
2373 4728 2479 4794 vel
2510 4750 2608 4796 ar-
2669 4783 2674 4789 .
