3416 5313
1879 353 2002 421 138

820 1180 882 1242 A
911 1181 1246 1264 veszpremi
1290 1144 1601 1267 ktiptalan
1653 1181 2168 1269 bizonysdylevele
2186 1237 2205 1271 ,
2258 1183 2416 1271 hoqy
2445 1185 2617 1250 Pous
2666 1186 3058 1250 Lo'rincznek

804 1287 907 1371 fia
956 1287 1298 1353 Va'mosban
1345 1288 1561 1354 hei-rom
1607 1292 1825 1374 elce'nyi
1858 1288 2072 1374 fb‘ldet
2100 1290 2261 1377 qrdf
2282 1289 2772 1381 Androniknak,
2821 1295 3057 1361 Pandu

1550 1399 1784 1483 fidnak
1815 1399 2066 1465 cladott.
2111 1401 2305 1466 1295.

1051 1591 1187 1659 Nos
1243 1593 1616 1681 Capitulum
1667 1595 2204 1682 wesprimiensis
2255 1598 2553 1667 Ecclesie
2604 1599 3055 1683 significamus

817 1712 1051 1771 tenore
1083 1706 1514 1789 presencium,
1547 1705 1777 1791 quibus
1800 1705 2070 1792 expedit
2093 1707 2438 1791 universis,
2471 1709 2644 1793 quod
2674 1710 2846 1778 Pous
2879 1711 3048 1776 filius

819 1813 1167 1898 Laurencij
1203 1813 1287 1881 de
1319 1814 1589 1881 Wamus
1620 1835 1742 1901 pro
1779 1835 1852 1882 se
1886 1823 1951 1882 et
1983 1837 2100 1901 pro
2133 1810 2423 1904 Bolosey
2458 1840 2537 1885 ac
2567 1818 2869 1903 Nicolao,
2900 1839 3050 1886 nec—

819 1945 946 1991 non
981 1919 1173 2007 Petro
1207 1923 1362 2010 filijs
1395 1923 1552 2008 suiS,
1588 1923 1829 2007 Vgrino
1863 1924 2066 1992 fratre
2097 1945 2215 1991 suo
2250 1926 2461 1994 eidem
2496 1934 2786 2005 astante,
2827 1948 3053 1994 coram

824 2031 1012 2099 nobis
1046 2033 1485 2117 personaliter
1539 2033 1915 2120 constituti,
1971 2036 2097 2102 tria
2120 2035 2361 2120 jugera
2410 2044 2584 2104 terre
2635 2057 2751 2105 sue
2783 2037 3055 2105 arabilis

825 2149 890 2208 et
921 2140 1259 2208 dimidium
1292 2142 1356 2206 in
1390 2141 1830 2209 Wamusazou
1881 2143 2286 2230 existencia,
2341 2165 2383 2209 a
2433 2143 2707 2212 meridie
2747 2145 3056 2212 videlicet

821 2268 1031 2333 usque
1062 2249 1238 2317 viam
1266 2249 1619 2336 publicam,
1654 2252 1739 2318 ab
1773 2250 2079 2336 aquilone
2111 2272 2266 2320 vero
2300 2271 2506 2338 usque
2558 2250 2802 2320 terram
2842 2253 3054 2321 Comi·

824 2359 909 2425 tis
943 2358 1297 2425 Andronici
1332 2356 1449 2444 filij
1487 2359 1751 2425 Pandur
1786 2359 1868 2424 de
1905 2361 2137 2427 eadem
2171 2362 2413 2429 Vamus
2435 2343 2764 2444 porrecta,
2806 2384 2887 2428 ex
2919 2363 3052 2450 qui-

823 2470 945 2535 bus
976 2467 1102 2534 tria
1144 2468 1396 2553 jacent,
1429 2476 1499 2533 ut
1550 2468 1846 2552 dicebat,
1904 2471 2089 2538 iuxta
2128 2473 2385 2539 alueum
2437 2472 2560 2537 riui
2614 2475 2938 2541 currentis
2989 2472 3052 2538 in

826 2581 972 2665 ipsa
1003 2576 1178 2642 valle
1210 2576 1297 2642 ab
1330 2575 1598 2658 oriente,
1631 2577 1971 2645 dimidium
2003 2589 2223 2647 autem
2261 2575 2443 2646 iuxta
2486 2580 2760 2646 eundem
2793 2583 3051 2650 alveum

827 2687 913 2752 ab
949 2684 1286 2752 occidente
1309 2692 1478 2752 terre
1511 2686 1716 2773 ipsius
1740 2687 1970 2773 Ugrini
2004 2690 2375 2757 continuum
2410 2696 2475 2754 et
2497 2688 2890 2776 adjunctum,
2913 2692 3053 2777 ipso

834 2793 1078 2880 Ugrino
1112 2816 1239 2863 non
1275 2795 1802 2882 contradicente,
1850 2795 2000 2885 ymo
2033 2799 2497 2867 consenciente
2550 2806 2615 2864 et
2665 2800 3057 2887 remittente,

826 2906 968 2974 sine
1001 2904 1360 2991 preiudicio
1394 2906 1884 2998 iurisEcclesie
1916 2916 2138 2976 nostre
2170 2916 2235 2977 et
2265 2910 2505 2991 alieni,
2546 2929 2620 2978 se
2652 2912 2879 2979 retulit
2909 2930 3059 2979 ven·

828 3014 1076 3082 didisse
1108 3016 1283 3083 dicto
1318 3014 1550 3084 Gomiti
1585 3015 1978 3098 Andronico,
2016 3017 2124 3102 qui
2156 3020 2405 3101 aderat,
2438 3038 2556 3102 pro
2591 3020 2876 3104 quinque
2907 3039 3057 3104 pen·

827 3124 921 3190 sis
953 3124 1366 3191 denariorum
1390 3122 1860 3191 Viennensium
1894 3126 2091 3209 plene
2125 3124 2406 3211 receptis
2440 3127 2521 3192 ab
2555 3111 2802 3208 eodem,
2837 3146 2957 3213 per
2988 3148 3057 3194 se

830 3239 897 3300 et
926 3252 1081 3300 suos
1118 3232 1397 3300 heredes
1434 3230 1502 3296 in
1536 3238 1925 3317 perpetuum
1968 3232 2247 3316 pacifice
2280 3240 2350 3302 et,
2379 3235 2594 3317 quiete
2627 3254 2707 3303 ac
2739 3235 3050 3302 irrevoca-

828 3342 1048 3409 biliter
1080 3339 1525 3425 possidenda3
1576 3340 1703 3407 hoc
1755 3341 2017 3427 adjecto
2039 3390 2058 3420 ,
2093 3340 2265 3423 quod
2302 3341 2360 3406 si
2406 3361 2718 3425 processu
2752 3342 3059 3428 temporis

829 3452 986 3521 dicti
1017 3450 1136 3537 filij
1172 3452 1378 3534 Pous,
1415 3462 1682 3535 quorum
1712 3468 2101 3517 consensum
2132 3453 2198 3519 in
2219 3451 2343 3518 hac
2363 3460 2554 3538 parte
2595 3459 2661 3518 et
2688 3453 3059 3538 permissio-

829 3581 974 3629 nem
1010 3579 1203 3646 super
1232 3560 1384 3646 ipsa
1412 3558 1797 3626 vendicione
1818 3558 2060 3625 factam
2096 3557 2268 3625 idem
2288 3562 2471 3628 Pous*
2499 3560 2684 3628 nobis
2716 3559 3058 3629 referendo

831 3667 1201 3751 affirmauit,
1237 3666 1680 3735 vendicionem
1703 3672 2081 3734 annotatam
2113 3671 2475 3736 retractare
2513 3668 2842 3734 volentem
2862 3664 3053 3758 (igy)‚

829 3784 962 3843 tres
984 3797 1238 3844 marcas
1270 3779 1525 3844 solvere
1546 3777 1934 3846 tenebuntur
1954 3782 2107 3843 ante
2126 3776 2261 3844 litis
2285 3776 2652 3860 ingressum
2674 3776 2910 3846 Comiti
2931 3780 3058 3843 An-

831 3885 1101 3954 dronico
1132 3885 1507 3972 supradicto
1538 3904 1656 3971 per
1688 3884 2167 3971 obligacionem
2185 3886 2425 3952 factam
2442 3905 2560 3973 per
2593 3887 2765 3952 Pons
2799 3886 3056 3970 sepedi-

835 4002 1025 4074 ctum,
1059 4013 1241 4063 suam
1273 4014 1480 4080 penes
1502 3999 1568 4061 et
1597 3993 1877 4059 filiorum
1910 4013 2169 4061 suorum
2202 3992 2604 4079 prefatorum
2637 3995 3056 4078 voluntatem,

833 4104 1000 4171 sicut
1029 4101 1289 4190 plenius
1311 4103 1721 4187 exprimebat
1756 4103 1840 4168 de
1883 4101 2138 4169 eadem.
2171 4103 2412 4169 Datum
2434 4103 2497 4166 in
2534 4102 2884 4183 quindenis
2903 4104 3060 4169 San-

832 4212 922 4280 cti
943 4213 1141 4296 Regis
1176 4218 1240 4278 et
1261 4210 1577 4299 Apostoli,
1611 4232 1784 4279 anno
1807 4213 2068 4279 Domini
2103 4215 2189 4277 M.
2211 4210 2335 4279 GC.
2358 4212 2787 4298 nonagesimo
2808 4213 3059 4296 quinto.

837 4428 914 4500 (A
944 4425 1284 4501 pecsethian
1297 4427 1383 4500 jol
1402 4432 1741 4498 megtartott
1760 4427 2095 4495 credetibo'l,
2117 4428 2268 4498 mely
2283 4425 2640 4500 Vasonyban
2659 4428 2727 4483 T.
2748 4427 2914 4502 Papp
2935 4429 3060 4485 Fer.

930 4517 999 4578 tir
1024 4518 1340 4592 tulajdona.
1367 4516 1655 4575 Kozoltek
1678 4518 1867 4575 velem
1907 4521 2051 4588 Nayy
2076 4521 2222 4584 Ivdm,
2251 4516 2312 4575 es
2346 4520 2562 4589 Ve'qhely
2587 4521 2747 4573 Dezso'
2782 4517 2968 4591 urak).
