3416 5313
1868 432 2003 509 200

812 622 981 695 feria
1017 631 1253 710 quarta
1280 625 1581 711 proxima
1619 634 1774 711 post
1808 628 2047 697 festum
2082 627 2195 694 SS.
2231 627 2538 712 Corporis
2574 627 2852 711 Christi,
2887 647 3059 696 anno

805 733 1066 801 Domini
1099 731 1450 800 millesimo
1483 733 1942 803 ducentesimo
1973 734 2404 819 nonagesimo
2438 740 2505 801 et
2536 741 2795 802 octavo.

806 927 1086 1004 (Teutsch
1114 895 1523 987 esrimhaber
1546 927 1923 988 Urkundenb.
1971 948 2022 986 z.
2050 928 2263 987 Gesch.
2292 926 2562 986 Siebenb.
2613 930 2657 986 Ι.
2681 929 2803 988 kot.
2849 929 2970 985 206.
2997 933 3056 1001 1.)

1839 1772 1872 1836 1
1884 1771 1999 1838 34.

800 1974 1087 2037 Demeter
1106 1968 1413 2054 pozsonyi
1433 1966 1494 2032 e's
1514 1964 1783 2050 zo'Zyomi
1802 1965 2080 2052 fb'ispdn
2111 1967 2333 2035 Semke
2366 1967 2637 2031 bio-tolcot
2657 1967 2843 2031 Pe'ter
2868 1968 3053 2032 Thol-

799 2101 921 2163 vay
936 2075 1168 2162 fidnrzk
1188 2072 1327 2139 ite'Zi
1347 2074 1467 2138 oda
1486 2073 1734 2158 nelcdny
1760 2076 2064 2162 pozsonyi
2083 2073 2468 2162 vdojobbdyy
2489 2073 2815 2139 elleneben.
2855 2077 3047 2139 1298.

1011 2276 1151 2341 Nos
1186 2268 1499 2353 magister
1530 2270 1908 2338 Demetrius
1932 2269 2170 2339 Comes
2205 2270 2631 2339 Posoniensis
2667 2278 2732 2338 et
2764 2272 2848 2337 de
2882 2273 3048 2340 Zou-

798 2382 933 2448 lum
965 2379 1274 2446 memorie
1308 2377 1846 2444 commendantes
1869 2374 2316 2463 significamus
2349 2379 2582 2465 quibus
2606 2377 2875 2464 expedit
2907 2379 3046 2442 uni-

797 2487 1031 2570 uersiS,
1090 2484 1259 2571 quod
1294 2502 1413 2550 nos
1443 2503 1732 2567 causam,
1784 2504 1906 2571 que
1940 2489 2321 2555 uertebatur
2356 2489 2525 2553 inter
2558 2488 2815 2553 Petrum
2846 2483 3046 2551 filium

797 2590 1123 2681 Thulwoy
1154 2593 1237 2659 ab
1273 2612 1405 2659 una
1435 2597 1621 2677 parte
1643 2643 1660 2677 ‚
1698 2597 1762 2656 et
1798 2594 2209 2679 Mychaelem
2246 2614 2324 2661 ac
2358 2592 2672 2682 Myhalch
2704 2589 2872 2683 (igy)
2909 2591 3043 2660 fra-

796 2710 965 2769 trem
998 2682 1325 2783 eiusdem,
1378 2685 1758 2767 Marcellum
1811 2709 1877 2766 et
1909 2702 2163 2769 Kemen
2210 2723 2291 2770 ac
2339 2701 2616 2785 Vendeg
2662 2703 3041 2768 castrenses

795 2831 913 2897 pro
948 2830 1022 2876 se
1056 2815 1121 2873 et
1154 2809 1453 2895 cognatis
1475 2809 1609 2874 suis
1644 2808 1728 2872 ab
1765 2808 1995 2891 altera,
2032 2827 2113 2874 ex
2152 2794 2463 2894 precepto
2487 2814 2551 2875 et
2583 2808 2896 2877 mandato
2931 2807 3043 2874 do-

793 2915 952 2983 mini
983 2916 1224 3002 Regi&
1273 2934 1404 2981 vna
1438 2935 1582 2983 cum
1609 2914 1945 2999 judicibus
1996 2936 2038 2981 a
2070 2916 2554 3002 domino'Rege
2606 2915 2939 3001 deputatis
2973 2915 3040 2979 in

796 3023 1120 3091 Comitatu
1155 3022 1544 3090 Posoniensi
1565 3074 1582 3107 ,
1636 3031 1701 3090 et
1735 3023 1891 3107 alijs
1926 3043 2121 3106 quam
2155 3024 2449 3110 pluribus
2481 3023 2812 3091 nobilibus
2846 3029 2912 3089 et
2933 3025 3031 3109 jo·

792 3131 1191 3216 hagionibus
1243 3132 1440 3197 castri
1475 3132 1898 3198 Posoniensis
1950 3129 2298 3218 sedentes,
2354 3119 2713 3199 secundum
2765 3133 3037 3198 sormam

784 3221 1022 3325 judicij
1086 3236 1450 3305 iudicantes
1472 3288 1489 3322 ,
1555 3238 1925 3304 inuenimus
1979 3245 2044 3304 et
2107 3239 2416 3307 sciuimus
2482 3241 2565 3308 de
2616 3241 3037 3326 possessione

792 3344 1037 3429 Semky
1068 3348 1326 3424 uocata,
1363 3342 1542 3428 ipsos
1577 3350 1947 3410 castrenses
1981 3343 2183 3409 nichil
2219 3345 2379 3413 iuris
2399 3346 2663 3429 habere,
2700 3348 2855 3429 quia
2887 3345 3036 3431 ipsa

789 3451 1127 3539 possessio
1162 3449 1449 3536 Semkey
1484 3446 1656 3542 (Igy)
1691 3471 1811 3544 puer
1842 3452 2255 3534 priuilegium
2293 3453 2541 3521 domini
2575 3456 2773 3539 Regis
2806 3460 2871 3521 et
2903 3452 3039 3518 alia

793 3560 1233 3625 instrumenta
1281 3556 1557 3643 predicti
1607 3558 1786 3625 Petri
1837 3557 1956 3643 filij
1989 3557 2331 3645 Thuluoy‚
2385 3561 2556 3628 sicut
2596 3562 2789 3644 olim,
2843 3560 2940 3627 sic
2974 3567 3037 3627 et

794 3683 965 3733 nunc
1016 3664 1244 3731 debuit
1293 3684 1442 3733 esse
1478 3671 1543 3732 et
1578 3671 1679 3733 est
1725 3672 2049 3753 perpetua
2098 3667 2164 3732 in
2203 3666 2370 3733 filios
2419 3666 2738 3755 filiorum,
2789 3668 3037 3737 eisdem

792 3791 948 3840 uero
984 3772 1431 3840 castrensibus
1476 3792 1673 3858 super
1706 3773 1943 3840 eadem
1976 3776 2400 3859 possessione
2451 3777 2795 3857 silencium
2837 3778 3037 3862 impo-

792 3883 1035 3950 suimus
1059 3904 1091 3966 ς,
1126 3882 1283 3966 quia
1313 3880 1591 3948 eandem
1620 3866 2133 3968 possessionem,
2184 3883 2448 3956 iusticia
2493 3881 2843 3972 mediante,
2891 3902 3037 3969 pre-

788 3988 966 4057 dicto
1000 3991 1192 4055 Petro
1229 4008 1456 4057 coram
1487 3989 1803 4075 predictis
1828 3989 2164 4076 judicibus
2215 3998 2282 4058 et
2305 3991 2786 4077 jobagionibus
2819 3988 3035 4057 Castri

788 4096 1093 4164 dedimus
1127 4102 1191 4162 et
1211 4098 1699 4179 assignauimus
1721 4104 2037 4183 perpetuo
2072 4099 2136 4164 in
2167 4097 2336 4166 filios
2375 4097 2659 4167 filiorum
2680 4099 3031 4185 possiden-

788 4204 963 4271 dam.
1016 4207 1257 4270 Datum
1311 4206 1609 4274 Sabbato
1660 4204 1957 4292 proximo
2011 4212 2165 4272 ante
2217 4205 2629 4273 Dominicam
2667 4204 3029 4289 Inuocauit‚

789 4331 965 4379 anno
1000 4310 1265 4379 Domini
1293 4313 1393 4380 M⁰
1426 4310 1567 4381 00⁰
1599 4312 2027 4398 nonagesimo
2061 4318 2317 4381 octauo.

782 4503 907 4579 (111.
936 4507 1128 4563 Endre
1168 4501 1476 4578 kirzssynak
1523 4525 1717 4581 ugyan
1764 4508 1987 4564 1298-ki
2031 4506 2376 4581 megero'sito'
2424 4508 2845 4582 okmdnyfibol,
2891 4510 3045 4567 mint

1486 4598 1728 4653 fentebb
1759 4598 1878 4652 122.
1906 4617 1985 4654 sz.
2012 4616 2064 4654 a.
2091 4599 2323 4664 Knawz).

1599 4765 1604 4772 ,
1643 4760 1704 4768 ...υ-μ
1718 4760 1735 4764 Δ·
1784 4759 1839 4766 ⁷⁴0>
1864 4763 1870 4767 <
1888 4762 1935 4768 ..-
1951 4763 2168 4774 -.-.-=--....-..
