3416 5313
1264 515 1332 524 *
1361 417 1494 485 235

287 630 355 686 et
405 624 737 690 honorem.
788 621 1158 702 Noueritis,
1222 621 1402 702 quod
1458 639 1606 686 cum
1653 616 2007 686 secundum
2066 616 2541 683 continenciam

283 732 656 798 litterarum
692 737 1051 796 uestrarum
1092 728 1285 795 nobis
1321 726 1876 806 transmissarum,
1913 726 2191 792 sabbato
2224 723 2542 791 uidelicet

285 840 357 904 in
395 839 649 907 octauis
686 837 1179 921 Assumpcionis
1215 835 1504 920 Virginis
1539 833 1845 901 Gloriose
1892 832 2387 916 possessionem
2418 831 2543 898 La-

287 946 491 1012 dizlai
525 945 638 1012 filii
674 946 958 1030 Iwance,
986 945 1237 1011 Oberth
1272 950 1601 1023 uocatam,
1637 962 1782 1007 cum
1806 941 1942 1009 suis
1980 938 2369 1008 utilitatibus
2406 940 2543 1005 vni-

284 1054 501 1120 uersis
532 1054 826 1121 Jacobus
859 1055 1065 1120 frater
1100 1053 1260 1120 dicti
1292 1049 1595 1118 Ladizlai
1649 1056 1713 1115 et
1748 1047 1863 1133 alij
1902 1048 2128 1134 viciny
2162 1054 2229 1112 et
2266 1068 2542 1116 comme-

287 1161 476 1226 tanei
529 1160 826 1228 eiusdem
862 1184 903 1227 a
936 1160 1259 1228 Michaele
1299 1159 1432 1227 filio
1470 1157 1811 1223 Deuecher
1857 1155 2245 1225 aduersario
2298 1174 2416 1222 suo
2470 1156 2537 1223 in

284 1270 497 1337 tercia
530 1277 718 1352 parte
741 1316 759 1349 ‚
814 1288 856 1333 a
888 1269 1077 1334 nobis
1113 1274 1335 1334 autem
1367 1273 1439 1332 ut
1472 1286 1510 1331 a
1538 1265 1873 1350 Judicibus
1909 1264 1974 1329 in
2026 1262 2282 1330 duabus
2337 1265 2537 1348 parti—

282 1380 434 1459 buS,
471 1376 722 1441 scilicet
753 1378 821 1443 in
857 1377 1086 1442 decem
1108 1376 1367 1459 marcis,
1403 1381 1598 1459 prout
1631 1392 1748 1457 per
1770 1371 2234 1440 estimaciones
2275 1391 2540 1457 presen-

282 1487 464 1552 tibus
498 1483 875 1551 hominibus
927 1485 1167 1552 nostris
1219 1503 1439 1550 coram
1480 1488 1707 1550 uestro
1761 1480 2139 1548 testimonio
2190 1481 2540 1552 estimasse

285 1594 774 1678 comperimus,
824 1594 1145 1660 redimere
1201 1593 1620 1676 debuissent,
1669 1592 1779 1658 uel
1817 1589 2185 1672 relinquere
2242 1590 2434 1659 nobis
2468 1596 2539 1656 ut

275 1703 654 1789 judicibus,
716 1709 781 1765 et
813 1701 1193 1770 aduersario
1245 1720 1362 1770 suo
1413 1700 1923 1784 possidendam3
1982 1698 2379 1766 adueniente
2413 1704 2537 1765 ter·

282 1811 462 1875 mino
514 1810 803 1876 Michael
851 1810 1025 1875 filius
1084 1807 1467 1892 Deuecher,
1524 1808 1946 1876 aduersarius
1997 1807 2160 1875 dicti
2209 1806 2532 1890 Ladizlai,

285 1918 655 2001 comparuit
708 1917 788 1984 ad
838 1917 1288 2001 recipiendam
1340 1916 1688 2001 pecuniam
1736 1917 2110 2000 porcionem
2146 1934 2331 1981 suam
2388 1934 2535 1983 con-

284 2027 687 2107 tingentem
746 2025 1049 2090 similiter
1094 2025 1385 2092 Jacobus
1438 2023 1642 2090 frater
1676 2021 1835 2091 dicti
1875 2022 2180 2091 Ladizlai
2233 2023 2417 2089 uenit
2467 2028 2534 2087 et

281 2135 471 2218 dixit,
506 2134 680 2217 quod
714 2154 842 2200 non
874 2142 1103 2221 posset
1133 2134 1457 2202 redimere
1480 2133 1971 2218 possessionem
2012 2133 2235 2199 fratris
2271 2133 2372 2198 sui
2405 2151 2534 2196 me-

280 2250 647 2326 moratam,
699 2244 899 2312 vicini
934 2249 1153 2308 autem
1190 2249 1255 2309 et
1289 2241 1722 2307 commetanei
1776 2238 2073 2306 eiusdem
2107 2239 2432 2324 Ladizlai,
2468 2248 2534 2308 et

281 2353 673 2436 specialiter
726 2352 1045 2438 magister
1094 2352 1344 2429 Jharu,
1416 2350 1528 2433 qui
1573 2349 2010 2434 personaliter
2065 2350 2536 2435 comparendo,

279 2459 606 2526 redimere
656 2461 1071 2544 porcionem,
1127 2478 1258 2541 que
1308 2459 1522 2543 ipsum
1557 2456 2010 2542 contingeret,
2059 2468 2536 2544 assumpserat,

279 2569 454 2634 sicut
487 2568 549 2630 in
607 2565 941 2651 prioribus
993 2565 1225 2632 litteris
1258 2565 1497 2633 uestris
1552 2565 2029 2648 comperimus,
2082 2584 2214 2630 non
2251 2566 2535 2652 uenerit,

277 2697 401 2743 nec
439 2675 685 2742 miserit
718 2675 805 2741 ad
856 2674 1384 2758 redempcionem
1437 2670 1841 2737 faciendam.
1876 2669 2097 2748 Quare
2131 2692 2166 2735 a
2201 2673 2388 2742 uobis
2421 2694 2531 2758 pe-

198 2835 205 2841 .
276 2786 475 2850 timus
510 2783 885 2867 diligenter,
936 2787 1265 2863 quatenus
1302 2799 1446 2847 cum
1477 2780 1758 2847 Nicolao
1807 2778 1943 2847 filio
1976 2780 2184 2847 Petke
2217 2781 2300 2848 de
2335 2780 2529 2868 Gryog

275 2892 544 2958 homine
570 2897 822 2975 nostro,
845 2897 1134 2957 vestrum
1158 2888 1438 2957 mittatis
1459 2886 1924 2970 testimonium,
1962 2905 2180 2954 coram
2203 2906 2329 2970 quo
2358 2888 2532 2957 idem

276 3000 471 3066 homo
506 3006 732 3064 noster
765 2999 1132 3083 predictam
1174 2994 1662 3081 possessionem
1703 2993 2007 3063 Ladizlai
2057 3013 2202 3063 cum
2238 2996 2376 3064 suis
2411 2997 2529 3062 vti-

274 3107 581 3175 litatibus
614 3108 938 3173 vniuersis
972 3104 1040 3170 in
1075 3104 1331 3173 duabus
1362 3107 1660 3189 partibus
1700 3104 1894 3171 nobis
1928 3108 1999 3168 ut
2024 3102 2361 3187 judicibus
2388 3155 2404 3189 ,
2462 3107 2530 3172 in

273 3217 484 3283 tercia
518 3234 673 3279 uero
708 3220 900 3299 parte
954 3212 1250 3297 predicto
1283 3213 1592 3281 Michaeli
1628 3232 1744 3282 suo
1793 3213 2181 3282 aduersario
2233 3219 2534 3283 statuant

271 3323 770 3409 possidendam,
807 3323 1001 3388 salua
1034 3320 1346 3405 porcione
1381 3320 1541 3388 dicti
1568 3320 1805 3389 Jacobi
1836 3326 2239 3407 remanente,
2277 3328 2532 3390 contra·
2570 3325 2579 3334 ‘

271 3431 576 3498 diceione
610 3431 977 3512 aliquorum
1015 3449 1148 3495 non
1182 3431 1526 3513 obstante3
1570 3435 1721 3514 post
1752 3429 1875 3494 hoc
1898 3428 2060 3495 facti
2081 3429 2337 3510 seriem,
2374 3449 2530 3514 qua·

263 3538 530 3604 litatem
569 3544 634 3604 et
665 3539 1095 3621 quantitatem
1121 3586 1140 3621 ,
1190 3537 1383 3604 nobis
1415 3538 1623 3604 nostri
1654 3536 1888 3620 gracia
1936 3538 2340 3605 rescribatis.
2377 3538 2522 3603 Da-

272 3654 408 3714 tum
444 3647 509 3711 in
533 3647 826 3711 crastino
847 3652 1232 3713 octauarum
1254 3643 1752 3729 Assumpcionis
1785 3646 1992 3713 Beate
2012 3644 2327 3731 Virginis,
2350 3664 2528 3712 anno

268 3751 541 3821 Domini
573 3752 674 3816 M⁰
707 3750 845 3820 00⁰
875 3753 1307 3839 nonagesimo
1340 3774 1531 3822 nono.

489 3860 628 3925 Nos
662 3879 821 3927 uero
854 3859 1293 3944 peticionibus
1325 3861 1564 3928 uestris
1605 3858 1997 3929 satisfacere
2037 3861 2379 3944 cupientes
2400 3910 2418 3943 ‚
2452 3870 2521 3929 ut

269 3968 591 4035 debemus
612 4018 631 4053 ,
687 3988 832 4035 cum
866 3965 1163 4052 predicto
1195 3969 1458 4036 homine
1506 3975 1728 4037 vestro
1762 3975 2051 4034 nostrum
2085 3969 2380 4036 misimus
2412 3968 2526 4036 ho-

267 4075 510 4142 minem
547 4093 663 4159 pro
714 4074 1126 4158 testimonio,
1182 4077 1296 4161 qui
1344 4075 1754 4159 postmodum
1808 4096 1939 4145 una
1972 4096 2116 4143 cum
2168 4078 2404 4145 eodem
2438 4077 2529 4144 ad

267 4182 689 4255 nosrediens
723 4183 917 4251 nobis
951 4182 1294 4262 recitauit,
1350 4183 1528 4265 quod
1559 4183 1736 4250 idem
1777 4184 1849 4250 in
1885 4183 1988 4251 sui
2038 4184 2386 4269 presencia
2419 4204 2526 4250 ac-

263 4290 569 4358 cedendo
605 4290 691 4355 ad
723 4292 960 4359 faciem
996 4296 1437 4378 possessionis
1470 4293 1752 4378 predicti
1784 4290 2102 4369 Ladizlai,
2159 4292 2329 4359 duas
2371 4312 2523 4376 par-

265 4406 373 4466 tes
407 4399 708 4465 eiusdem
760 4401 1203 4483 possessionis
1254 4402 1445 4469 uobis
1493 4406 1562 4466 ut
1606 4398 1985 4483 judicibus,
2042 4400 2316 4467 terciam
2368 4421 2525 4469 uero

261 4515 522 4593 partem
545 4506 838 4593 predicto
861 4508 1152 4577 Micheili
1187 4508 1359 4597 (igy)
1383 4510 1771 4578 aduersario
1795 4507 2110 4593 eiusdem,
2144 4529 2289 4577 cum
2323 4507 2524 4577 omni·

261 4616 387 4685 bus
440 4615 839 4684 utilitatibus
877 4617 1051 4699 suis,
1106 4619 1417 4686 videlicet
1451 4618 1643 4688 terris
1694 4619 1937 4686 fimatis
1961 4669 1979 4702 ,
2023 4617 2516 4700 campestribus,

264 4725 453 4794 siluis
474 4772 492 4803 ‚
548 4731 614 4789 et
646 4723 887 4791 fenetis
924 4729 1269 4796 statuisset
1302 4727 1772 4814 possidendam
1811 4728 1996 4799 iuxta
2028 4732 2315 4795 uestram
2347 4726 2511 4811 peti-
