3416 5313
1951 383 2081 454 238

893 581 1154 650 domine
1187 582 1451 670 Regine
1484 579 2002 662 destruxissent,
2037 578 2304 648 credere
2345 579 2728 648 Sublimitas
2767 582 3005 648 Vestra
3039 599 3155 648 no·

890 690 987 774 lit,
1023 689 1178 776 quia
1220 712 1350 760 non
1373 695 1597 759 nostro
1633 688 1876 773 sigillo,
1910 693 1978 754 et
1998 688 2186 755 nobis
2207 689 2474 773 penitus
2499 688 2948 774 ignorantibus
2973 685 3150 756 frau-

890 797 1189 865 dulenter
1222 799 1452 866 eedem
1488 799 1703 865 littere
1736 802 1891 864 sunt
1923 815 2260 862 concesse.

1100 909 1448 975 Decretum
1481 907 1711 991 itaque
1742 926 1859 994 per
1894 926 2013 974 nos
2048 907 2390 990 extiterat,
2445 905 2616 988 quod
2667 906 2735 971 in
2787 903 3148 986 quindenis

886 1018 1320 1087 Pentecostes
1352 1025 1577 1107 partes
1613 1023 2044 1102 compareant
2076 1036 2292 1085 coram
2326 1017 2537 1101 nobis,
2581 1026 2643 1082 et
2679 1017 2874 1083 iidem
2905 1017 3150 1083 Ladiz-

887 1126 1035 1192 laus
1089 1134 1156 1193 et
1202 1127 1378 1196 Dees
1430 1129 1816 1212 Magistrum
1889 1123 2250 1208 Leurente,
2307 1125 2626 1191 Comitem
2681 1124 3027 1210 Matbyam
3081 1133 3151 1190 et

886 1236 1273 1318 Magistrum
1305 1234 1520 1324 Heym
1554 1235 1885 1320 predictos
1911 1288 1929 1321 ,
1984 1241 2049 1300 et
2081 1255 2116 1300 e
2152 1253 2469 1300 conuerso
2505 1231 2698 1298 iidem
2732 1231 2935 1314 Zoda,
2972 1232 3148 1297 Bors

886 1350 952 1408 et
982 1343 1298 1410 Nicolaus
1351 1340 1619 1410 eosdem
1671 1344 2048 1429 Gelyanum
2085 1350 2148 1408 et
2178 1340 2459 1409 Donach
2511 1341 2800 1406 Comites
2855 1338 3145 1423 propriis

883 1468 1110 1516 eorum
1144 1450 1207 1513 in
1242 1450 1550 1535 personis
1606 1451 1672 1516 in
1704 1451 2051 1534 presencia
2104 1450 2346 1517 domini
2381 1448 2582 1533 Regis
2630 1456 2921 1515 statuere
2953 1455 3143 1515 tene-

884 1564 1103 1623 rentur
1138 1557 1228 1624 ad
1248 1557 1751 1646 approbandum
1784 1561 1888 1624 uel
1912 1556 2403 1642 reprobandum
2422 1558 2678 1623 litteras
2701 1556 3143 1639 supradictas

882 1665 1128 1743 Quibus
1149 1666 1498 1749 quindenis
1522 1663 2030 1734 aduenientibus
2052 1665 2407 1733 Ladizlaus
2441 1673 2505 1732 et
2535 1667 2714 1731 Dees
2749 1665 3142 1747 Magistrum

882 1775 1229 1851 Leurentc,
1265 1776 1580 1843 Comitem
1633 1775 1976 1860 Matbyam
2009 1780 2075 1840 et
2106 1774 2489 1858 Magistrum
2524 1775 2737 1859 Heym
2776 1775 3143 1857 personali-

881 1889 983 1950 ter
1014 1893 1302 1951 statuere
1352 1884 1832 1967 nequiuerunt3
1885 1884 2002 1950 sed
2048 1884 2480 1950 exhibuerunt
2531 1883 2789 1947 litteras
2841 1881 3140 1965 Capituli

884 1990 1455 2078 Wezprimyensis,
1506 1993 1573 2059 in
1626 1994 1862 2075 quibus
1915 1982 2369 2075 comperimus,
2404 1991 2575 2073 quod
2607 1989 2776 2057 idem
2821 1990 3141 2075 Magister

879 2099 1248 2182 Leurente,
1285 2098 1518 2168 Comes
1571 2101 1880 2185 Matbyas
1935 2107 1999 2166 et
2030 2101 2347 2184 Magister
2398 2101 2652 2185 Heym,
2706 2101 2861 2164 item
2897 2098 3141 2165 Comes

881 2203 1224 2292 Gelyanus
1259 2227 1378 2291 pro
1411 2227 1483 2275 se
1507 2258 1523 2291 ,
1575 2217 1640 2276 et
1673 2228 1790 2292 pro
1824 2209 2054 2276 eodem
2093 2210 2342 2277 Comite
2377 2208 2700 2275 Donacbo
2736 2227 2948 2274 coram
2984 2205 3141 2291 ipso

878 2314 1180 2399 Capitulo
1203 2317 1733 2403 Wezprimyensi
1767 2318 2206 2401 personaliter
2241 2325 2696 2402 comparentes
2733 2313 3143 2381 concorditer

875 2422 1218 2507 dixissent,
1253 2424 1431 2504 quod
1464 2424 1754 2507 predicte
1774 2425 1990 2492 littere
2025 2445 2105 2491 ex
2141 2433 2331 2509 parte
2367 2424 2679 2511 Gelyany
2712 2430 2778 2488 et
2810 2421 3142 2507 Donachy

876 2528 1190 2596 Comitum
1226 2531 1564 2597 maliciose
1585 2532 1830 2617 scripte
1869 2532 2174 2611 fuissent,
2198 2553 2404 2614 eoque
2428 2553 2558 2599 non
2592 2534 2676 2599 ab
2710 2532 2828 2615 eis,
2858 2550 2979 2594 nec
3016 2550 3140 2615 per

873 2659 1024 2722 eos,
1076 2638 1196 2706 sed
1246 2636 1416 2707 falso
1470 2641 1658 2709 modo
1691 2639 1975 2708 fuissent
2007 2647 2354 2728 emanate;
2407 2638 2688 2725 predicti
2719 2658 2870 2704 uero
2923 2637 3136 2724 Zoda,

872 2748 1038 2815 Bors
1073 2755 1140 2815 et
1169 2750 1487 2817 Nicolaus
1526 2752 1899 2838 Celyanum
1951 2758 2016 2818 et
2048 2752 2329 2819 Donach
2380 2750 2670 2817 Comites
2724 2770 2849 2816 non
2886 2754 3137 2813 statue·

870 2865 1054 2939 runt,
1107 2877 1228 2924 nec
1280 2858 1583 2926 raciones
1616 2860 1877 2943 aliquas
1931 2860 2273 2929 euidentes
2328 2857 2718 2944 pretendere
2758 2862 3136 2941 potuerunt,

873 2986 986 3033 cur
1021 2965 1290 3032 eosdem
1312 2973 1604 3034 statuere
1638 2968 2077 3049 nequiuerant
2109 2975 2180 3033 vt
2215 2966 2566 3033 debebant.
2602 2969 2736 3032 Nos
2770 2964 2963 3050 igitur
2997 2984 3138 3031 vna

870 3095 1013 3140 cum
1051 3074 1305 3139 Thoma
1341 3074 1596 3143 Comite
1615 3075 1985 3163 Nyitriensi
2020 3083 2085 3142 et
2105 3074 2485 3162 Borsyensi,
2522 3073 2838 3156 Magistro
2871 3071 3133 3137 Farka·

870 3184 969 3250 sio
1003 3180 1134 3245 filio
1172 3182 1439 3263 Fulkus,
1475 3183 1730 3250 Comite
1775 3183 2012 3250 Erdew
2046 3182 2182 3248 filio
2218 3181 2510 3249 Gesrecb
2547 3189 2609 3245 et
2643 3179 2962 3246 nobilibus
3001 3182 3133 3246 Re-

865 3291 977 3376 gni
1010 3312 1205 3375 quam
1237 3295 1533 3378 pluribus
1568 3295 1908 3361 nobiscum
1959 3295 2025 3357 in
2068 3294 2321 3378 judicio
2357 3292 2800 3359 assidentibus
2849 3312 2962 3375 per
3021 3290 3135 3357 do-

866 3400 1118 3466 minum
1149 3400 1392 3483 Regem
1445 3401 1638 3467 nobis
1688 3402 1754 3465 in
1791 3399 2010 3467 socios
2061 3402 2147 3467 ad
2182 3400 2601 3468 iudicandum
2653 3402 2824 3469 hanc
2857 3417 3132 3467 causam

868 3505 1223 3592 deputatis,
1244 3507 1405 3574 visis
1438 3516 1501 3573 et
1534 3508 1846 3596 perlectis
1865 3507 2178 3591 predictis
2213 3508 2471 3592 litteris,
2501 3510 2656 3592 quia
2687 3509 2888 3575 iidem
2918 3506 3131 3592 Zoda,

864 3616 1030 3683 Bors
1066 3623 1131 3682 et
1162 3616 1477 3684 Nicolaus
1528 3622 1680 3702 post
1713 3616 2199 3682 institucionem
2231 3634 2346 3681 seu
2380 3616 2869 3684 ordinacionem
2901 3615 2963 3680 in
3019 3637 3133 3700 ge-

867 3725 1076 3791 nerali
1110 3724 1916 3809 congregacionedomini
1965 3723 2167 3808 Regis
2220 3730 2286 3791 et
2320 3725 2554 3811 Regni,
2586 3745 2719 3793 vna
2759 3745 2901 3792 cum
2930 3744 3130 3791 vene·

861 3833 1060 3899 rabili
1090 3840 1278 3917 patre
1332 3831 1595 3901 domino
1629 3830 1994 3920 J0(hanne)
2015 3834 2533 3921 Archiepiscopo
2569 3833 2934 3917 Colocensi,
2966 3830 3130 3917 Epi-

865 3941 1109 4026 scopis,
1143 3942 1507 4009 Baronibus
1561 3949 1627 4010 et
1681 3941 2007 4011 vniuersis
2059 3943 2408 4010 Nobilibus
2449 3943 2664 4029 Regni
2705 3941 3131 4028 solempniter

862 4049 1202 4118 celebrata
1233 4050 1497 4134 factam,
1522 4050 1787 4117 eosdem
1816 4050 2220 4135 Ladizlaum,
2246 4050 2423 4115 Dees
2458 4059 2524 4117 et
2557 4058 2875 4133 cognatos
2901 4069 3126 4116 eorum

865 4159 1362 4242 destruxerunt,
1420 4158 1739 4244 quosdam
1791 4179 1872 4225 ex
1930 4160 2027 4226 eis
2082 4158 2479 4244 captiuando
2499 4209 2518 4244 ,
2577 4157 2899 4241 quosdam
2959 4177 3126 4223 uero

866 4267 1218 4334 enormiter
1251 4266 1651 4333 uerberando
1704 4267 1923 4332 omnia
1956 4267 2127 4334 bona
2160 4268 2555 4351 auferenteS,
2609 4273 2803 4351 prout
2833 4265 2953 4332 hec
2986 4286 3124 4331 om·

864 4373 979 4439 nia
1010 4374 1076 4440 in
1124 4373 1358 4440 litteris
1391 4373 1822 4456 inquisitoriis
1876 4374 2165 4459 Capituli
2219 4373 2818 4461 Wezprimyensis,
2857 4374 3126 4442 Comitis

862 4482 1191 4549 Leurcnte
1226 4487 1290 4545 et
1324 4490 1604 4563 quatuor
1653 4482 1957 4549 Judicum
2012 4481 2378 4550 Comitatus
2421 4483 2972 4570 Wezprimyensis
3008 4502 3125 4549 no·

861 4589 965 4658 bis
1000 4590 1337 4657 euidenter
1369 4590 1837 4672 constiterunt,
1891 4611 2007 4676 pro
2042 4609 2119 4657 eo
2154 4591 2223 4658 in
2253 4593 2430 4659 facto
2466 4590 2674 4676 ipsius
2724 4591 3123 4660 destruccio-

868 4693 996 4781 nis,
1032 4693 1508 4781 captiuacionis
1542 4692 1748 4781 (cum)
1798 4697 2282 4766 uerberacione
2314 4704 2378 4763 et
2428 4697 2775 4765 ablacione
2806 4703 3127 4770 bonorum
