3416 5313
1913 416 2044 485 206

857 620 1145 690 boratas.
1168 623 1407 689 Datum
1426 636 1544 705 per
1569 635 1802 685 manus
1838 616 2105 684 disereti
2135 613 2257 682 uiri
2290 611 2590 700 magistri
2624 609 2928 680 Ladizlai
2958 611 3105 679 Pre-

855 730 1056 816 positi
1088 727 1489 816 Tytulensis,
1512 724 1665 793 aule
1696 732 1915 793 nostre
1937 720 2553 806 Vise-Cancellarij,
2588 718 2818 788 dilecti
2849 722 2917 786 et
2946 718 3105 785 fide-

858 837 942 903 lis
974 840 1200 925 nostri,
1234 855 1405 905 anno
1444 833 1707 902 Domini
1760 835 1859 902 M⁰
1892 832 2033 901 00⁰
2064 829 2491 915 nonagesimo
2521 847 2716 911 nono,
2751 828 3101 915 quintode-

861 946 1030 1013 cimo
1061 945 1386 1013 kalendas
1419 941 1791 1029 Februarij,
1821 940 2035 1029 Regni
2067 945 2283 1010 autem
2315 934 2524 1004 nostri
2554 955 2728 1007 anno
2758 955 2951 1004 nono.

865 1137 1156 1210 (Eredetie
1201 1155 1237 1193 a
1261 1135 1316 1192 b.
1356 1133 1724 1208 Wessele'nyi
1769 1134 1966 1192 esalad
2009 1132 2426 1194 leveltaraban.
2465 1135 2651 1195 Voros
2695 1131 2759 1190 es
2802 1131 2980 1208 sax-ga
3023 1151 3111 1190 se-

869 1227 1304 1298 lyemzsinorrol
1345 1226 1580 1301 fflggott
1621 1226 1880 1298 peesetje
1904 1226 2225 1283 leszakadt.
2252 1227 2410 1283 Ezen
2452 1226 2743 1284 oklevelet
2783 1224 3019 1282 Role
3045 1224 3108 1280 es

863 1318 969 1373 Pal
995 1315 1226 1374 reszere
1271 1314 1461 1373 atirva
1503 1314 1632 1386 tijra
1674 1316 1879 1373 kiadta
1906 1317 1949 1374 Ι.
1976 1316 2198 1388 Karoly
2243 1317 2556 1388 1317-ben‚
2606 1318 2758 1390 mely
2803 1316 3110 1374 atiratnak

863 1407 1135 1465 testverei
1161 1408 1371 1463 knzzfll
1398 1405 1630 1464 &letben
1658 1425 1945 1482 egymaga
1970 1407 2198 1465 maradt
2221 1407 2446 1463 Roland
2484 1405 2710 1464 reszere
2739 1406 3025 1464 1323-ban
3062 1408 3109 1462 1.

866 1495 1087 1569 Karoly
1125 1496 1268 1554 altal
1309 1497 1538 1554 kiadott
1581 1496 1762 1567 ujabb
1812 1495 2026 1556 §.tirata
2068 1496 2296 1555 szinten
2316 1517 2565 1572 megvan
2590 1515 2625 1553 a
2661 1497 2717 1554 b.
2742 1496 3113 1569 Wesselenyi

1443 1587 1640 1645 csalad
1667 1588 2089 1648 leveltaraban.
2114 1590 2277 1645 &aba
2303 1590 2547 1659 Kar-ely.)
2655 1622 2668 1630 ae

1924 2419 2076 2487 138.

880 2604 1010 2669 III.
1045 2602 1262 2668 Endre
1280 2601 1489 2689 kirdzy
1508 2622 1550 2665 a
1581 2601 1797 2667 katzai
1831 2600 2159 2667 lakosokat
2175 2597 2474 2686 felmenti
2504 2623 2660 2668 azon
2698 2600 3119 2691 klitelezettsey

878 2710 1028 2793 αῑόί,
1049 2709 1363 2775 miszerint
1394 2732 1434 2773 a
1454 2709 1877 2796 kirdlyne'nak
1895 2708 2179 2775 ‹ivenkint
2198 2708 2486 2797 bizonyos
2506 2712 2720 2776 szdmu
2749 2711 3112 2778 maoekawr

1552 2817 1858 2905 adffctval
1889 2818 2223 2884 tartoztak.
2259 2820 2455 2887 1299.

1093 3018 1399 3085 Andreas
1434 3017 1562 3085 Dei
1613 3017 1844 3102 gracia
1875 3019 2016 3085 Rex
2051 3016 2551 3103 Hungarieete.
2602 3019 2917 3088 memorie
2951 3039 3120 3088 eom-

876 3125 1257 3195 mendamus
1291 3134 1521 3196 tenore
1551 3128 1967 3216 presencium
2001 3127 2235 3211 quibus
2259 3126 2526 3212 expedit
2560 3128 2906 3214 universis,
2940 3127 3117 3212 quod

878 3236 1187 3307 Detrious
1222 3234 1456 3303 Comes
1489 3236 1573 3303 de
1606 3235 1771 3303 villa
1800 3234 2055 3303 Pelium
2090 3257 2227 3322 suo,
2262 3241 2752 3320 oeterorumque
2785 3235 3119 3325 hospitum

884 3345 966 3411 de
1000 3346 1174 3413 dieta
1204 3346 1368 3413 villa
1398 3345 1697 3431 parcium
1739 3352 2107 3413 nostrarum
2152 3343 2795 3430 Transsylvanarum
2843 3346 3120 3414 nomini-

878 3455 1003 3523 bus
1035 3456 1203 3523 etin
1236 3454 1577 3540 personis,
1632 3460 1927 3524 nostram
1979 3453 2306 3523 accedens
2359 3454 2638 3539 Regiam
2680 3454 3119 3523 Serenitatem

882 3566 1230 3649 queruloso
1277 3564 1466 3634 nobis
1519 3567 1858 3653 exposuit,
1894 3564 2107 3651 quod,
2160 3564 2457 3649 quamvis
2510 3564 2668 3631 dieti
2706 3565 3005 3651 hospites
3040 3586 3119 3632 ex

877 3676 1300 3746 concessione
1333 3673 1579 3743 domini
1612 3673 1940 3758 quondam
1971 3677 2132 3743 Bele
2164 3674 2364 3758 Regis
2397 3674 2734 3761 Hungarie
2765 3671 3119 3763 predeces-

875 3785 1044 3854 soris
1077 3786 1287 3854 nostri
1320 3785 1531 3852 felieis
1581 3783 2111 3869 recordacionis,
2147 3785 2234 3853 ab
2276 3804 2474 3853 onere
2513 3785 3022 3872 prestandorum
3053 3785 3120 3851 in

879 3914 1067 3963 usum
1098 3894 1501 3961 dominarum
1520 3894 1922 3978 Reginarum
1944 3895 2217 3981 pellium
2249 3891 2618 3980 felinorum,
2652 3895 2737 3963 ob
2771 3894 2945 3979 quod
2979 3914 3123 3983 spe-

878 4002 1034 4070 ciali
1065 4001 1410 4088 privilegio
1433 4052 1452 4086 ‚
1500 4003 1898 4088 nomineque
1948 4003 2106 4074 ville
2139 4004 2364 4073 felium
2406 4004 2492 4072 ab
2524 4005 2726 4073 inieio
2758 4004 3125 4072 mansionis

880 4109 1232 4180 eorundem
1265 4112 1594 4198 hospitum
1631 4133 1716 4180 ex
1748 4114 1998 4199 Regum
2044 4114 2445 4181 liberalitate
2481 4112 2709 4181 donati
2742 4113 2928 4182 fuere
2951 4166 2969 4201 ,
3007 4114 3127 4180 ab·

885 4220 1083 4288 soluti
1131 4218 1503 4289 habeantur
1553 4227 1620 4289 et
1667 4224 1996 4311 exempti,
2049 4222 2473 4291 nihilominus
2519 4227 2746 4291 tamen
2794 4219 3126 4310 Vayvoda

881 4334 1103 4395 noster
1133 4328 1199 4394 in
1232 4330 1531 4415 partibus
1566 4329 2151 4419 illisoonstitutus,
2171 4332 2295 4402 etsi
2314 4332 2496 4402 nulla
2530 4352 2728 4420 super
2748 4352 2863 4400 eos
2897 4339 3127 4400 aueto-

882 4436 1077 4504 ritate
1108 4437 1436 4521 preditus,
1486 4457 1648 4505 onus
1680 4437 1749 4504 id
1784 4441 1872 4506 ab
1906 4441 2003 4508 eis
2033 4462 2222 4527 porro
2263 4459 2518 4527 quoque
2571 4447 2970 4525 extorquere
3011 4463 3124 4509 no·

885 4548 1020 4611 stro
1054 4544 1174 4611 sub
1208 4547 1469 4624 nom’me
1522 4554 1589 4613 et
1639 4554 1947 4633 pretextu
1997 4559 2315 4635 pergeret
2372 4550 2540 4618 Hine
2571 4571 2695 4618 nos
2724 4550 2930 4636 Regie
2974 4550 3130 4616 olim

882 4653 1306 4723 liberalitatis
1329 4651 1764 4741 fideliumque
1794 4658 2150 4725 eorundem
2184 4656 2514 4747 hospitum
2547 4659 2984 4727 serviciorum
3003 4680 3132 4727 me-

884 4781 1134 4845 mores,
1188 4763 1454 4832 eosdem
1508 4766 1595 4836 ab
1630 4767 1806 4834 omni
1852 4766 1977 4837 hoe
2029 4787 2292 4837 munere
2333 4769 2402 4838 in
2461 4775 2848 4858 perpetuum
2900 4769 3136 4838 iterum
