3416 5313
1419 470 1501 535 15

1394 1138 1503 1206 10.

320 1338 383 1399 A
415 1334 681 1398 ηὸυένθῘο
713 1357 791 1398 az
823 1336 1130 1421 osztcilyos
1144 1335 1506 1419 flvc'rekkel,
1541 1337 1822 1401 mindkdt
1842 1387 1857 1413 ‚
1890 1359 2054 1424 vaqy
2088 1336 2235 1400 csak
2250 1335 2460 1422 fidqat
2489 1336 2565 1400 il-

325 1443 444 1507 let&
458 1441 769 1527 jdsquok
800 1444 861 1505 εἲς
881 1441 1112 1506 biv-tolca·
1126 1444 1324 1528 joqok
1354 1445 1549 1526 irdnt,
1585 1466 1660 1507 az
1682 1445 2044 1531 eszterqami
2074 1443 2385 1529 kdptalan
2404 1446 2565 1529 elim,

720 1552 1022 1636 osztdlyos
1055 1555 1370 1640 eqyesc'yre
1402 1552 1635 1639 lcp‘nek.
1680 1554 1868 1618 1290.
1888 1557 2036 1639 jun.
2069 1555 2175 1616 30.

544 1745 942 1834 (V)niuersis
975 1756 1323 1834 presentes
1346 1751 1598 1817 litteras
1632 1752 2031 1838 inspecturis
2054 1751 2428 1836 Capitulum
2447 1753 2570 1821 Ec-

328 1859 534 1924 clesie
567 1856 1035 1943 Strigoniensis
1069 1861 1346 1927 salutem
1380 1862 1446 1925 in
1477 1862 1756 1930 Domino
1789 1862 2268 1947 sempiternam.
2303 1859 2405 1925 Ad
2425 1864 2570 1927 vni-

329 1986 665 2034 uersorum
719 1969 1029 2033 noticiam
1103 1975 1328 2036 tenore
1406 1973 1814 2055 presencium
1867 1972 2156 2036 volumus
2206 1971 2568 2055 peruenire,

326 2077 499 2160 quod
534 2077 806 2142 honesta
841 2083 1142 2145 matrona
1174 2076 1434 2143 domina
1462 2076 1859 2166 Elysabeth,
1893 2079 2125 2144 relicta
2146 2076 2416 2143 Comitis
2451 2081 2571 2146 Pe-

328 2185 411 2250 tri
444 2184 563 2270 filij
598 2187 901 2271 MykoW,
936 2186 1074 2266 filia
1106 2187 1369 2254 Andrec
1404 2188 1671 2254 Comitis
1707 2190 1791 2256 de
1824 2187 2219 2275 Wygmand,
2269 2208 2399 2253 vna
2431 2206 2575 2254 cum

327 2292 598 2361 domina
649 2291 873 2357 Katha
893 2340 909 2373 ,
981 2294 1211 2358 relicta
1265 2295 1509 2360 nobilis
1584 2296 1705 2363 viri
1760 2296 2032 2363 Comitis
2084 2295 2401 2379 Demetrij
2455 2293 2573 2379 filij

302 2385 576 2487 ‘Hunth,
618 2402 871 2467 scilicet
901 2401 1036 2468 filia
1067 2421 1186 2467 sua
1219 2405 1463 2470 maiore
1485 2455 1502 2487 ,
1553 2424 1671 2487 pro
1705 2424 1777 2471 se
1810 2413 1875 2470 et
1913 2423 2030 2490 pro
2064 2405 2331 2471 domina
2358 2406 2572 2487 Anna,

332 2518 639 2578 consorte
674 2510 942 2576 Comitis
976 2511 1314 2596 Lamperti
1347 2513 1463 2599 filij
1501 2514 1825 2600 Oazmerij
1879 2512 2020 2580 filia
2053 2533 2176 2579 sua
2209 2515 2455 2581 iuniore
2488 2513 2572 2581 ab

328 2640 463 2687 una
494 2627 717 2705 parte;
753 2627 821 2685 et
854 2620 1085 2687 Comes
1120 2623 1324 2707 Byter
1359 2623 1535 2690 filius
1572 2623 1869 2691 eiusdem
1893 2623 2220 2709 MykoniS,
2259 2624 2574 2707 magister

329 2727 701 2797 Demetrius
752 2725 921 2793 filius
970 2730 1252 2814 Nycolai
1301 2731 1560 2796 nomine
1613 2751 1770 2814 suo,
1826 2740 1892 2797 et
1940 2734 2083 2799 vice
2132 2715 2416 2798 Mikonis
2458 2731 2573 2815 filij

274 2863 277 2866 ¹
331 2838 598 2914 Detrici‚
633 2835 849 2904 fratris
884 2859 1125 2922 eorum,
1161 2841 1244 2904 ab
1279 2842 1512 2925 altera,
1552 2839 1638 2905 ad
1673 2848 1966 2907 nostram
1996 2843 2407 2926 presenciam
2432 2860 2573 2926 per·

331 2949 654 3016 sonaliter
689 2949 1083 3014 accedentes
1105 3000 1122 3032 ,
1157 2969 1351 3035 super
1381 2948 1692 3035 inimicijs
1730 2958 1795 3015 et
1827 2951 2199 3036 discordijs,
2252 2971 2377 3035 que
2409 2951 2577 3014 inter

331 3060 509 3143 ipsos
571 3050 841 3123 racione
910 3061 1398 3141 possessionum
1467 3059 1911 3143 empticiarum
1976 3067 2041 3126 et
2109 3060 2575 3143 acquisitarum

335 3166 629 3233 eiusdem
666 3168 941 3234 Comitis
976 3168 1190 3253 Petri,
1220 3176 1284 3234 et
1320 3168 1521 3235 castri
1554 3171 1656 3235 sui
1686 3169 2040 3255 Keykkew
2069 3170 2287 3236 uocati
2320 3172 2582 3237 fuerant

335 3275 668 3356 suscitate,
704 3281 854 3361 post
887 3277 1125 3340 multas
1160 3277 1638 3343 altercaciones
1685 3278 1953 3344 habitas
1983 3278 2151 3343 inter
2182 3286 2426 3361 partes,
2461 3296 2580 3360 per

336 3384 754 3449 amicabilem
790 3386 1339 3469 composicionem
1374 3371 1688 3452 bonorum
1724 3404 1946 3451 eorum
1969 3436 1986 3469 ,
2040 3404 2111 3450 se
2146 3383 2456 3451 dixerunt
2486 3390 2584 3448 ta-

336 3495 491 3559 liter
541 3493 1024 3559 concordasse:
1061 3492 1255 3571 Quod>
1301 3494 1533 3560 eadem
1584 3495 1852 3562 domina
1892 3483 2294 3581 Elysabeth,
2349 3493 2581 3560 relicta

339 3600 822 3670 Comitis'Petri
854 3601 1076 3668 fratris
1126 3623 1382 3687 eorum,
1418 3611 1482 3668 et
1514 3603 1638 3670 due
1691 3604 1826 3670 filie
1860 3625 1993 3686 sue,
2050 3604 2306 3668 domine
2352 3602 2581 3667 Katha

337 3720 401 3775 et
434 3712 626 3776 Anna
678 3710 988 3796 predicte,
1022 3712 1477 3797 possessiones
1533 3713 1877 3797 empticias
1913 3701 1987 3778 et⁵
2009 3710 2369 3795 acquisitas
2402 3710 2579 3776 eius-

338 3820 484 3886 dem
520 3820 795 3888 Gomitis
847 3822 1060 3902 Petri,
1119 3821 1268 3887 Seel
1317 3820 1663 3904 videlicet;
1714 3819 2070 3905 Dorchan,
2128 3828 2193 3887 et
2239 3829 2581 3903 utramque

339 3929 564 3993 villam
602 3926 863 4012 Olwar,
919 3948 1175 3994 necnon
1224 3925 1509 3993 castrum
1563 3926 1881 4015 Keykkw
1914 3928 2402 4014 supradictum,
2437 3950 2579 3996 cum

342 4037 553 4103 vineis
590 4044 656 4103 et
692 4037 872 4103 siluis
907 4036 992 4104 ad
1042 4037 1254 4120 ipsum
1290 4043 1575 4102 castrum
1629 4036 2109 4120 pertinentibus
2131 4090 2149 4123 ,
2202 4054 2327 4121 que
2360 4039 2583 4106 omnia

343 4155 406 4212 et
457 4147 721 4230 singula
771 4146 1233 4229 premissorum
1285 4146 1458 4210 idem
1512 4145 1746 4212 Comes
1797 4147 2027 4212 Petrus
2081 4146 2299 4213 adhuc
2347 4150 2580 4216 uiuens

344 4256 478 4323 suis
514 4256 711 4322 rebus
735 4261 798 4319 et
832 4254 1140 4339 expensis
1169 4254 1528 4324 dinoscitur
1554 4274 1993 4342 comparasse,
2028 4263 2095 4322 et
2113 4257 2374 4323 domine
2395 4260 2582 4324 uxori

347 4372 410 4429 et
440 4364 701 4430 filiabus
735 4363 870 4431 suis
922 4361 1197 4446 prefatis
1223 4413 1240 4444 ,
1295 4364 1378 4429 de
1412 4364 1715 4447 lycencia
1746 4357 1959 4447 Regia
1980 4417 1997 4450 ,
2050 4364 2257 4451 ipsius
2310 4357 2585 4435 Comitis

347 4474 524 4538 Petri
558 4472 861 4555 seruicijs
893 4471 1360 4555 consideratis,
1416 4479 1725 4557 optenta,
1761 4492 1902 4562 cum
1936 4472 2283 4559 priuilegio
2338 4473 2590 4543 domini

350 4582 682 4666 Ladislai,
718 4582 841 4648 Dei
875 4579 1102 4666 gracia
1154 4580 1434 4647 Illustris
1486 4581 1689 4664 Regis
1741 4584 2119 4667 Hungarie,
2173 4583 2384 4649 eciam
2435 4586 2583 4652 reli-

352 4692 610 4772 quisse,
645 4692 819 4775 quod
870 4691 1134 4774 quidem
1184 4691 1597 4774 priuilegium
1649 4711 1770 4758 nos
1807 4693 1936 4759 fide
1970 4692 2253 4761 vidimus
2302 4697 2580 4776 oculata,

355 4802 514 4887 ipsis
546 4801 793 4869 Comiti
818 4802 1036 4885 Byter,
1073 4801 1387 4883 magistro
1418 4802 1753 4867 Demetrio
1775 4853 1792 4886 ,
1842 4822 1923 4867 ac
1954 4804 2229 4889 Mykoni
2257 4812 2326 4869 ¹et
2359 4823 2579 4871 eorum
