3416 5313
1813 1034 1931 1102 5⁶.

757 1235 819 1302 A
855 1237 1161 1325 pozsonyi
1189 1235 1499 1323 laiptalan
1552 1233 2078 1322 bizonysdylcvcle
2095 1286 2113 1319 ‚
2167 1237 2324 1322 hoqy
2371 1235 2697 1324 Dobroyoz
2743 1221 2997 1326 Ῐσδκὲέρο

753 1347 971 1434 nyolcz
1002 1344 1262 1432 koldnyi
1308 1343 1728 1430 szdntdffildct
1759 1343 2298 1433 Szcnt-nyiirqyi
2346 1343 2698 1412 Jakabmk
2744 1346 2995 1414 eladott.

1782 1455 1977 1519 1293.

1542 1655 1626 1723 A.
1845 1650 1918 1721 O.
2132 1652 2220 1721 D.

959 1800 1301 1872 Vniuersis
1335 1801 1579 1871 Christi
1598 1797 1896 1869 fidelibus
1928 1805 2275 1886 presentes
2308 1799 2567 1869 litteras
2598 1800 2995 1888 inspecturis

745 1911 1119 1998 Capitulum
1155 1912 1460 1982 Ecclesie
1489 1909 1922 1980 Posoniensis
1971 1909 2258 1979 salutem
2288 1909 2352 1975 in
2391 1908 2623 1976 salutis
2653 1910 2995 1997 largitore.

747 2021 856 2091 Ad
887 2018 1340 2090 vniuersorum
1374 2018 1689 2089 noticiam
1723 2026 1951 2087 tenore
1981 2019 2394 2105 presencium
2431 2018 2731 2087 uolumus
2764 2037 2996 2104 perue-

746 2129 923 2212 nire,
967 2129 1140 2212 quod
1194 2127 1571 2199 constitutis
1621 2126 2062 2214 personaliter
2116 2146 2334 2194 coram
2366 2124 2555 2195 nobis
2606 2129 2813 2196 Paulo
2859 2126 2994 2196 filio

745 2239 1005 2306 Primus
1026 2233 1140 2324 (?),
1179 2238 1431 2306 Karolo
1465 2235 1599 2303 filio
1637 2233 1841 2324 Kyris
1863 2286 1881 2321 ,
1935 2238 2186 2303 Kozma
2238 2235 2372 2302 filio
2423 2237 2672 2321 Buh'tc‚
2725 2239 2993 2306 Matheo

745 2348 883 2415 filio
915 2346 1083 2416 Jaco
1115 2367 1232 2433 pro
1267 2366 1340 2414 se
1360 2353 1480 2432 ,pet
1510 2366 1630 2432 pro
1682 2352 1825 2414 tota
1854 2345 2015 2413 uilla
2047 2342 2394 2431 Dobrogoz
2413 2396 2432 2430 ‚
2481 2346 2566 2412 ab
2598 2367 2734 2414 una
2766 2358 2993 2432 parte3

747 2456 1001 2524 Jacobo
1036 2456 1170 2523 filio
1202 2455 1381 2522 Petri
1413 2456 1496 2522 de
1540 2455 1784 2522 Sancto
1827 2453 2136 2540 GeorgiO,
2183 2453 2485 2522 Johanne
2531 2453 2667 2522 filio
2700 2455 2994 2541 Voncha,

748 2584 865 2652 pro
899 2585 972 2632 se
1024 2572 1091 2631 et
1121 2572 1247 2650 pro
1298 2563 1600 2649 cognatis
1655 2563 1829 2648 suis,
1886 2563 2142 2629 scilicet
2192 2560 2348 2648 filijs
2399 2561 2682 2631 thnur
2734 2571 2802 2630 ct
2834 2564 2995 2650 filijs

749 2674 1004 2757 Kemin‚
1040 2679 1124 2743 ab
1156 2674 1409 2759 altera3
1460 2672 1634 2741 idem
1667 2674 1914 2740 Paulus
1947 2694 2093 2741 cum
2129 2673 2430 2740 omnibus
2471 2674 2676 2759 socijs
2709 2676 2847 2742 suis
2885 2695 2993 2742 su-

746 2781 1067 2867 pradictis
1100 2788 1205 2849 cst
1236 2783 1576 2851 confessus
1609 2784 1878 2862 oraculo
1912 2783 2063 2850 uiue
2100 2782 2281 2852 uocis
2301 2833 2318 2865 ‚
2370 2780 2543 2865 quod
2574 2783 2700 2868 ipsi
2736 2803 2855 2869 per
2884 2802 2992 2851 ue-

748 2891 1113 2960 nerabilem
1185 2898 1440 2980 patrem
1491 2892 1875 2964 Ladislaum
1947 2890 2075 2961 Dei
2122 2894 2355 2979 gracia
2406 2891 2990 2981 Archiepiscopum

751 3000 1299 3085 Strigoniensium
1325 3050 1343 3085 ,
1397 3000 1726 3071 dominum
1777 3004 2068 3088 ipsorum
2092 3052 2110 3086 ,
2162 3002 2228 3067 in
2260 3001 2571 3068 maiorem
2623 3001 2993 3070 libertatem

748 3110 1044 3177 uolentes
1076 3129 1151 3179 se
1183 3110 1591 3198 transferre,
1628 3118 1692 3177 et
1726 3116 2022 3198 tempore
2070 3111 2525 3179 tribulacionis
2563 3129 2684 3195 per
2721 3110 2991 3178 nimiam

750 3220 1266 3288 destruccionem
1323 3219 1765 3307 depauperati
1818 3218 2233 3303 extitissent,
2293 3225 2359 3287 et
2405 3238 2599 3302 quam
2645 3219 2993 3304 plurimum

750 3348 1041 3415 expensa
1089 3327 1441 3414 indigerit,
1493 3338 1640 3397 octo
1692 3330 1928 3413 iugera
1973 3336 2293 3398 terrarum
2344 3327 2694 3396 arabilium
2729 3326 2812 3393 de
2843 3347 2991 3413 pro-

745 3440 915 3526 prijs
949 3437 1366 3523 hereditarijs
1400 3438 1779 3506 eorumdem
1797 3489 1818 3524 ‚
1854 3457 1981 3523 que
2014 3439 2238 3505 iacent
2268 3438 2445 3505 circa
2472 3443 2726 3504 terram
2758 3438 2991 3507 Jacobi

749 3548 1104 3637 antedicti,
1161 3567 1431 3631 quorum
1464 3566 1630 3614 vnus
1681 3547 1834 3615 finis
1867 3548 2082 3616 tendit
2127 3565 2359 3615 uersus
2392 3547 2567 3614 viam
2617 3546 2989 3633 Dobrogoz,

750 3658 921 3728 alius
952 3656 1136 3724 uadit
1169 3655 1255 3722 ad
1288 3676 1595 3741 magnam
1628 3655 1827 3744 viam,
1863 3676 1989 3740 que
2021 3655 2203 3725 ducit
2235 3656 2300 3721 in
2321 3654 2624 3743 Chyliztu
2656 3661 2722 3721 et
2753 3653 2991 3724 dicitur

748 3771 861 3837 via
892 3767 1182 3855 publiea,
1216 3786 1299 3833 cx
1332 3766 1657 3833 communi
1690 3765 2037 3834 uoluntate
2070 3764 2511 3833 uendiderunt
2556 3784 2677 3849 pro
2710 3768 2990 3847 quatuor

753 3875 993 3948 marcis
1045 3877 1325 3945 latorum
1378 3876 1642 3945 domino
1699 3876 1953 3945 Jacobo
2006 3874 2389 3962 supradicto
2416 3926 2435 3961 ,
2488 3879 2555 3942 et
2585 3892 2704 3961 per
2742 3891 2889 3940 eum
2919 3873 2990 3941 in

751 3986 924 4054 filios
957 3984 1232 4054 filiorum
1270 4006 1531 4054 suorum
1585 3986 1726 4054 iure
1774 3986 2176 4055 hereditario
2226 3984 2295 4051 in
2346 3989 2731 4072 perpetuum
2780 3984 2990 4069 possi-

753 4095 1012 4181 denda;
1049 4096 1143 4164 ita
1173 4101 1392 4164 tamen
1413 4149 1431 4184 ‚
1472 4094 1646 4181 quod
1680 4096 1763 4163 de
1796 4095 2103 4183 predicta
2133 4103 2314 4162 terra
2349 4112 2573 4161 omnes
2606 4089 2989 4179 generacio-

750 4227 868 4275 nes
899 4204 1150 4292 Jacobi,
1186 4204 1444 4273 scilicet
1474 4204 1821 4274 Johannes
1853 4203 2025 4272 filius
2047 4204 2343 4289 Voncha,
2377 4200 2545 4271 sicut
2577 4201 2747 4269 dixit
2768 4218 2989 4268 eoram

747 4316 962 4395 nobis,
1002 4314 1249 4381 nullam
1285 4317 1416 4384 uim
1449 4312 1797 4398 facientes,
1851 4313 2007 4397 quia
2038 4311 2124 4380 ad
2158 4312 2559 4401 empcionem
2591 4315 2764 4378 terre
2794 4309 2990 4378 Jaco-

752 4424 906 4491 bum
942 4423 1012 4490 in
1044 4421 1228 4491 nullo
1278 4422 1670 4491 adiuuantes
1692 4477 1711 4512 ‚
1767 4423 1891 4490 scd
1922 4421 2185 4491 omnino
2218 4420 2470 4490 Jacobo
2518 4417 2861 4504 sepedicto
2893 4439 2991 4487 re-

751 4533 1058 4600 manebit.
1111 4532 1404 4602 Dicimus
1437 4532 1644 4601 eciam
1673 4581 1690 4616 ,
1745 4531 1920 4616 quod
1951 4532 2126 4601 idem
2157 4529 2450 4599 Jacobus
2500 4528 2786 4596 mediam
2815 4548 2984 4595 mar-

753 4662 897 4711 cam
929 4642 996 4708 in
1031 4642 1211 4711 dieto
1263 4641 1539 4727 negocio
1571 4640 1935 4708 laborando
1987 4640 2148 4708 dicit
2194 4636 2629 4724 expendisse3
2684 4636 2986 4720 obligans

747 4771 820 4823 se
854 4752 1052 4828 etiam
1086 4758 1225 4822 tota
1256 4751 1418 4824 uilla
1447 4750 1821 4838 Dobrogoz,
1847 4749 2025 4836 quod
2058 4750 2432 4840 quicunque
2462 4763 2780 4839 processu
2810 4748 2975 4821 tem-
