3416 5313
1435 422 1562 494 173

365 626 592 691 ximus
651 622 1062 706 faciendam,
1100 631 1170 692 ut
1203 626 1398 692 iidem
1450 624 1748 709 hospites
1780 631 1843 691 et
1893 623 2163 708 quilibet
2194 614 2293 689 'ex
2330 621 2494 707 ipsis
2526 619 2612 685 ab

367 733 542 798 omni
565 730 904 799 solucione
937 734 1183 816 tributi,
1232 731 1398 799 sicut
1434 732 1613 801 cives
1647 733 1970 801 Albenses
2003 740 2069 799 et
2099 732 2459 809 Budenses,
2490 748 2609 814 per

367 840 576 907 tocius
628 841 841 926 Regni
894 842 1103 907 nostri
1156 839 1463 923 climata,
1513 848 1651 907 tam
1689 859 1885 925 super
1935 859 2171 923 aquam
2223 836 2509 924 Danubij
2548 842 2613 903 et

366 948 520 1015 aliis
550 945 764 1015 fluviis
797 950 866 1016 in
897 949 1125 1033 Regno
1159 955 1382 1015 nostro
1419 948 1874 1030 existentibus,
1909 948 1974 1015 in
1996 945 2461 1016 descendendo
2496 955 2610 1013 aut

366 1055 829 1135 ascendendO,
882 1076 1078 1140 quam
1135 1074 1334 1141 super
1383 1066 1622 1123 terram
1685 1056 1875 1124 liberi
1924 1062 1990 1121 et
2049 1057 2362 1124 immunes
2422 1054 2611 1142 peni-

363 1171 469 1232 tus
527 1166 659 1234 sint
719 1173 784 1233 et
849 1166 1133 1252 exempti
1172 1188 1186 1249 ;
1262 1167 1553 1233 volentes
1617 1172 1682 1230 et
1743 1166 2131 1234 auctoritate
2195 1165 2610 1251 presencium

363 1271 690 1340 uniuersis
740 1275 1097 1341 tributariis
1130 1274 1193 1339 in
1249 1274 1480 1358 quovis
1531 1276 1672 1342 loco
1705 1275 1932 1343 tributi
1982 1276 2050 1342 in
2099 1275 2329 1360 Regno
2383 1280 2607 1342 nostro

366 1382 742 1451 constitutis
778 1387 896 1451 sub
956 1382 1313 1449 amissione
1363 1403 1576 1449 rernm
1612 1392 1676 1448 et
1708 1382 1927 1451 tributi
1974 1385 2246 1452 firmiter
2277 1384 2610 1469 imponen-

364 1501 506 1575 tes,
555 1498 628 1559 vt
660 1492 743 1557 de
774 1493 970 1560 rebus
1005 1492 1325 1559 dictorum
1373 1489 1702 1578 hospitum
1755 1500 2125 1560 nostrorum
2172 1491 2253 1558 de
2285 1491 2607 1577 Suprunio

366 1601 472 1668 vel
506 1601 937 1683 quorumlibet
973 1620 1053 1665 ex
1086 1601 1269 1685 ipsis,
1308 1605 1423 1667 aut
1455 1603 1779 1669 mercibus
1825 1600 2193 1684 eorundem,
2228 1606 2448 1667 contra
2481 1599 2610 1666 for-

367 1729 543 1775 mam
577 1709 800 1794 gracie
846 1709 943 1775 eis
976 1728 1093 1792 per
1142 1727 1260 1777 nos
1294 1709 1469 1777 facte
1519 1710 1765 1775 nullum
1798 1708 2105 1778 tributum
2158 1708 2449 1795 recipere
2498 1728 2607 1774 au·
2690 1768 2695 1773 .

368 1819 570 1888 deant
598 1819 706 1887 vel
737 1821 1234 1903 presumpmant
1254 1867 1272 1900 ‚
1325 1817 1442 1884 sed
1477 1817 1573 1884 eis
1607 1825 1673 1883 et
1705 1819 1978 1887 cuilibet
2027 1838 2109 1884 ex
2140 1817 2303 1904 ipsis
2336 1835 2477 1884 cum
2510 1837 2606 1885 re-

366 1925 489 1994 bus
515 1932 582 1991 et
600 1925 923 1993 mercibus
948 1944 1165 1993 eorum
1187 1925 1465 1994 liberum
1484 1927 1834 1994 transitum
1856 1927 2183 2013 prebeant
2208 1933 2274 1994 et
2293 1945 2607 2010 securum,

367 2036 645 2104 materia
692 2034 1162 2121 impedimenti,
1194 2035 1494 2103 molestie
1543 2041 1656 2104 aut
1688 2036 2063 2104 nocumenti
2096 2056 2225 2104 non
2278 2036 2605 2104 obstante.

367 2143 439 2208 Si
473 2144 763 2228 quivero
799 2143 1194 2211 eontrarium
1253 2143 1406 2212 huic
1438 2153 1662 2213 nostre
1692 2144 2097 2215 ordinacioni
2144 2152 2211 2212 et
2244 2144 2469 2230 gracie
2513 2145 2609 2213 fa·

370 2259 474 2320 cte
505 2253 1050 2339 attemptauerint
1071 2303 1087 2332 ‚
1137 2250 1664 2339 indignacionem
1700 2259 1996 2323 nostram
2029 2274 2101 2324 se
2136 2254 2434 2323 senciant
2463 2272 2606 2338 gra-

368 2363 534 2429 uiter
568 2362 963 2430 incursuros.
1018 2364 1094 2430 In
1128 2361 1309 2429 cuius
1341 2364 1438 2429 rei
1473 2364 1850 2431 memoriam
1898 2369 1963 2430 et
1991 2370 2371 2453 perpetuam
2418 2362 2608 2431 firmi-

367 2477 571 2539 tatem
619 2478 958 2552 presentes
1011 2471 1458 2540 concessimus
1511 2472 1767 2541 litteras
1820 2473 2099 2559 duplicis
2150 2471 2352 2557 sigilli
2403 2472 2609 2540 nostri

368 2579 720 2646 munimine
771 2581 1134 2648 roboratas.
1166 2580 1406 2646 Datum
1439 2601 1554 2667 per
1587 2600 1816 2649 manus
1856 2581 2120 2651 discreti
2156 2579 2281 2647 viri
2313 2581 2610 2667 magistri

368 2690 665 2777 Gregorii
713 2689 1018 2757 Albensis
1069 2688 1372 2759 Ecclesie
1419 2690 1672 2775 Electi,
1726 2690 1948 2760 dilecti
1999 2697 2066 2757 et
2114 2689 2329 2757 fidelis
2380 2691 2607 2776 nostri,

365 2820 538 2868 anno
570 2796 837 2867 Domini
869 2799 968 2865 M⁰
1002 2796 1147 2865 00⁰
1177 2799 1601 2883 nonagesimo
1651 2800 1968 2887 septimo,
2022 2798 2437 2883 quindecimo
2485 2801 2603 2866 ka-

364 2905 597 2977 lendas
631 2906 1034 2989 Novembris,
1085 2908 1294 2990 Regni
1328 2914 1543 2975 autem
1575 2908 1784 2975 nostri
1815 2914 2069 2977 octauo.

848 3123 1142 3194 (Eredetie
1171 3123 1434 3198 Soprony
1461 3124 1630 3181 varos
1658 3120 2102 3192 leveltardban.)

1219 3418 1424 3424 --.,-...ἶ
1447 3417 1748 3426 ψ--οῂ-ο
