3416 5313
1427 398 1547 466 121

1442 1017 1548 1087 ⁸2⁸.

374 1218 501 1285 III.
533 1220 754 1285 Eudo-e
783 1219 998 1306 kim-aly
1044 1220 1416 1305 canope‘lyoe
1435 1214 1786 1303 fomdban
1836 1215 2053 1281 er6siti
2080 1236 2213 1301 meq
2262 1233 2407 1283 eam
2455 1214 2600 1279 ado-

1221 1330 1497 1413 mnyat.
1537 1327 1732 1410 1295.

584 1508 882 1576 Andreas
904 1508 1028 1575 Dei
1047 1508 1275 1591 gracia
1292 1504 1651 1593 Hungarie,
1672 1505 2035 1589 Dalmacie,
2060 1504 2354 1592 Croacie,
2382 1506 2604 1584 Rame,

376 1616 623 1704 Seruie,
660 1618 938 1685 Gallicie
960 1667 977 1700 ,
1012 1615 1421 1699 Lodomerie,
1461 1613 1788 1699 Bulgarie,
1825 1614 2268 1697 Cumanieque
2300 1618 2442 1683 Rex
2475 1635 2605 1681 om-

374 1725 565 1790 nibus
601 1723 845 1790 Christi
879 1723 1183 1791 fidelibus
1235 1731 1577 1811 presentes
1611 1720 1868 1791 litteras
1901 1722 2297 1805 inspecturis
2332 1722 2606 1789 salutem

373 1831 438 1900 in
457 1832 740 1900 Domino
774 1829 1255 1915 sempiternam.
1283 1830 1382 1896 Ad
1403 1830 1848 1896 vniuersorum
1871 1830 2186 1898 noticiam
2205 1837 2434 1896 tenore
2466 1850 2610 1915 pre·

376 1943 663 2013 sencium
698 1943 996 2008 uolumus
1028 1941 1373 2026 peruenire
1395 1947 1527 2004 tam
1561 1940 1971 2024 presencium
1997 1959 2193 2022 quam
2229 1939 2609 2026 futurorum,

375 2051 551 2135 quod
580 2049 980 2117 venerabilis
1003 2058 1191 2133 pater
1210 2046 1607 2115 Benedictus
1642 2049 1769 2114 Dei
1800 2048 2023 2131 gracia
2043 2047 2412 2135 Episcopus
2443 2046 2612 2114 Albe

374 2159 743 2245 Bulgarice,
779 2157 1183 2225 Secretarius
1239 2165 1303 2224 et
1335 2158 1569 2224 Comes
1618 2157 1886 2242 Capelle
1921 2164 2176 2239 nostre,
2236 2155 2514 2225 dilectus
2546 2162 2612 2222 et

376 2268 591 2336 fidelis
624 2274 842 2334 noster
889 2268 972 2334 ad
1004 2277 1292 2334 nostram
1343 2267 1782 2354 personaliter
1817 2266 2142 2358 accedens
2174 2267 2611 2354 presenciam,

378 2377 676 2443 exhibuit
709 2375 898 2443 nobis
925 2383 1230 2460 patentes
1285 2378 1541 2445 litteras
1574 2384 1836 2442 nostras
1881 2394 2083 2460 super
2116 2375 2398 2458 quadam
2443 2379 2616 2441 terra

374 2485 732 2554 wdvornici
751 2486 954 2553 nostri
974 2485 1247 2555 Iwnuke
1267 2493 1505 2553 uocata
1527 2485 1882 2571 confectas,
1915 2491 2147 2568 petens
2182 2502 2223 2548 a
2248 2481 2436 2551 nobis
2470 2501 2613 2549 cum

378 2594 741 2681 instancia,
774 2601 845 2662 vt
877 2612 992 2660 eas
1026 2601 1206 2661 ratas
1241 2592 1486 2662 habere
1520 2592 1959 2677 dignaremur,
1999 2600 2063 2661 et
2093 2578 2319 2660 n'ostro
2353 2589 2619 2678 priuile-

379 2705 488 2791 gio
525 2701 926 2772 confirmare.
973 2700 1260 2780 Quarum
1296 2701 1557 2784 quidem
1590 2699 1951 2768 litterarum
1983 2709 2171 2769 tenor
2203 2699 2360 2768 talis
2392 2708 2529 2767 est:

590 2812 1069 2880 Nostndreas
1120 2810 1245 2876 Dei
1295 2810 1520 2896 gracia
1551 2811 1692 2876 Rex
1724 2810 2059 2894 Hungarie
2093 2808 2216 2878 stb.
2260 2813 2620 2885 (k‘dvetkezik

379 2929 479 2983 111.
514 2927 816 2983 Endrenek
853 2927 951 2980 74.
986 2945 1061 2980 sz.
1096 2943 1145 2980 a.
1182 2925 1325 2998 epen
1355 2927 1547 2981 kczclt
1579 2923 1903 2997 okmanya.)

593 3029 731 3094 Nos
784 3026 1006 3110 itaque
1063 3025 1504 3111 peticionibus
1553 3027 1759 3113 ipsius
1809 3023 2207 3093 venerabilis
2258 3024 2469 3109 patris
2500 3025 2618 3091 do·

381 3136 538 3204 mini
570 3136 911 3202 Benedicti
944 3136 1260 3222 Episcopi
1311 3121 1537 3222 iustis,
1589 3134 1899 3220 legitimis
1934 3142 2001 3200 et
2035 3133 2352 3201 modestis
2392 3151 2620 3201 assen-

382 3269 523 3316 sum
575 3245 1004 3312 fauorabilem
1064 3245 1455 3313 adhibentes
1481 3295 1498 3326 ‚
1571 3244 2023 3326 intuentesque
2071 3242 2255 3328 ipsas
2319 3249 2622 3326 patentes

381 3357 636 3424 litteras
669 3360 931 3419 nostras
966 3373 1094 3419 non
1131 3373 1339 3438 rasas,
1375 3373 1502 3419 non
1538 3353 1961 3438 cancellatas,
2014 3369 2134 3417 nec
2166 3349 2233 3418 in
2265 3349 2491 3433 aliqua
2523 3350 2624 3417 sui

382 3470 573 3547 parte
625 3460 906 3528 uiciatas
927 3513 944 3546 ,
1000 3461 1065 3525 in
1099 3459 1429 3544 publicam
1484 3461 1757 3527 formam
1811 3460 2135 3545 presentis
2183 3457 2511 3545 priuilegii
2543 3459 2625 3526 de

382 3572 584 3636 uerbo
618 3568 702 3634 ad
753 3569 1019 3634 uerbum
1073 3568 1612 3638 transscribendo
1646 3569 1847 3635 inseri
1875 3569 2147 3637 fecimus
2192 3566 2335 3634 sine
2366 3567 2625 3635 addita·

384 3686 604 3745 mento
638 3685 703 3745 et
735 3676 1197 3762 diminucione,
1233 3686 1296 3745 et
1347 3677 1741 3745 auctoritate
1773 3677 2189 3761 presencium
2223 3677 2624 3743 communiri.

385 3790 461 3854 In
495 3788 681 3855 cuius
724 3786 822 3854 rei
875 3776 1255 3853 memoriam
1305 3793 1822 3872 perpetuamque
1870 3787 2237 3853 firmitatem
2288 3793 2629 3870 presentes

388 3898 600 3965 eidem
636 3896 1082 3962 concessimus
1123 3897 1380 3964 litteras
1432 3896 1710 3980 duplicis
1764 3895 1968 3981 sigilli
2018 3897 2228 3963 nostri
2278 3895 2627 3961 munimine

387 4008 754 4073 roboratas.
790 4002 1032 4072 Datum
1054 4026 1172 4090 per
1204 4026 1438 4075 manus
1462 4004 1862 4073 venerabilis
1897 4004 2106 4091 patris
2138 4002 2474 4071 Theodori
2504 4004 2628 4069 Dei

389 4114 620 4203 gracia
652 4114 961 4200 Episcopi
983 4113 1024 4179 J
1027 4114 1355 4182 auriensis
1378 4116 1529 4181 aule
1550 4124 1768 4193 nostre
1789 4112 2372 4196 Vice÷Cancelarii,
2409 4113 2629 4205 dilecti

387 4232 453 4291 et
483 4223 698 4300 fidelis
748 4225 989 4309 nostri,
1049 4244 1224 4314 anno
1255 4225 1521 4290 Domini
1555 4224 1656 4288 Μ0
1707 4223 1850 4291 00⁰
1900 4221 2329 4308 nonagesimo
2383 4222 2629 4306 quinto,

389 4332 611 4416 quinto
641 4332 871 4399 Nonas
903 4315 1149 4399 mensis
1182 4331 1377 4401 Junii.

767 4508 1059 4580 (Eredetie
1085 4528 1121 4568 a
1145 4510 1476 4584 veszpremi
1501 4508 1782 4585 kaptalan
1810 4504 2255 4579 leveltaraban.)

1278 4798 1783 4808 m
