3416 5313
1845 463 1929 531 14

1847 1090 1919 1155 9.

756 1290 972 1354 Endre
1002 1290 1137 1377 cyri
1156 1290 1400 1380 pilspb‘k
1457 1311 1497 1351 a
1529 1289 1745 1353 lca-esai
1793 1291 2007 1351 vdrosi
2038 1288 2340 1375 etha'zat
2373 1312 2449 1352 az
2485 1293 2688 1354 ottani
2735 1302 2996 1378 caperest

1231 1396 1478 1461 Zelke'szi
1506 1399 1805 1482 hatdsdqa
1838 1396 1970 1461 alo'l
1985 1396 2297 1481 felmenti.
2333 1400 2529 1463 1290.

968 1596 1267 1662 Andreas
1317 1594 1749 1661 miseracione
1799 1594 2043 1660 Diuina
2102 1595 2466 1680 Episcopus
2518 1599 2866 1682 Agriensis
2907 1599 2994 1664 ad

754 1705 1205 1771 vniuersorum
1240 1704 1572 1782 noticiam,
1622 1723 1896 1787 quorum
1932 1705 2207 1770 interest
2239 1705 2343 1770 vel
2378 1706 2701 1774 interesse
2733 1710 2993 1792 poterit,

755 1816 1050 1882 volumus
1083 1813 1421 1898 peruenire
1454 1829 1572 1895 per
1622 1831 1900 1895 presens
1937 1813 2272 1897 scriptum,
2315 1814 2490 1895 quod
2523 1815 2758 1902 Judex,
2795 1819 2992 1899 ciues,

757 1930 823 1988 et
854 1924 1245 1990 vniuersitas
1299 1923 1625 2006 hospitum
1660 1921 1745 1986 de
1780 1921 1991 1988 Cassa
2021 1929 2242 1988 nostre
2276 1923 2576 1988 Diocesis
2601 1976 2618 2007 ,
2671 1926 2898 1992 dilecti
2934 1927 2994 1990 in

758 2032 1017 2099 Christo
1051 2031 1170 2097 filii
1202 2032 1434 2113 nostri,
1470 2030 1556 2095 ad
1587 2035 1878 2094 nostram
1919 2032 2355 2113 personaliter
2406 2032 2805 2101 accedentes
2857 2054 2996 2118 pre-

756 2142 1072 2222 senciam,
1107 2160 1149 2205 a
1178 2138 1372 2205 nobis
1408 2157 1552 2205 cum
1594 2138 1840 2205 deuota
1872 2158 2138 2222 precum
2192 2139 2520 2205 instancia
2552 2142 3001 2226 supplicantes

758 2250 1112 2335 pecierunt,
1151 2254 1223 2314 vt
1254 2249 1435 2332 ipsos
1457 2254 1523 2310 et
1556 2247 1920 2314 Ecclesiam
1955 2266 2181 2312 eorum
2203 2248 2288 2313 ab
2309 2247 2616 2334 ¹indebita
2635 2250 2997 2315 vexacione

757 2357 1155 2444 parochialis
1186 2354 1651 2423 Archidiaconi
1672 2363 1738 2419 et
1770 2356 2198 2423 immoderato
2221 2354 2603 2423 Diuinorum
2625 2357 2996 2444 interdictO,

757 2473 827 2534 vt
858 2469 1177 2533 hactenus
1230 2464 1600 2547 frequenter
1650 2462 1933 2548 accidit,
1987 2463 2269 2549 petendo
2322 2486 2438 2550 pro
2489 2469 2783 2550 quolibet
2835 2488 2995 2536 casu

758 2576 987 2642 mortis
1019 2567 1346 2640 hominum
1382 2593 1578 2639 sexus
1611 2573 1946 2656 Vtriusque
1980 2577 2283 2660 penalem
2319 2596 2610 2643 marcam
2646 2599 2760 2664 pro
2795 2579 2995 2645 homi-

760 2686 927 2751 cidio
963 2683 1193 2769 quouis
1215 2682 1428 2765 modo,
1452 2685 1594 2748 siue
1617 2690 1945 2769 appareat
1978 2684 2119 2757 siue
2139 2705 2269 2750 non
2291 2685 2642 2769 homicida,
2685 2688 3000 2754 alleuiare

760 2795 1197 2878 dignaremur.
1245 2793 1383 2857 Nos
1417 2791 1616 2874 igitur
1646 2794 1938 2859 volentes
1992 2792 2305 2861 effrenate
2339 2794 2724 2862 ambicionis
2757 2799 2996 2864 vicium

760 2902 1116 2985 refrenare,
1153 2909 1219 2966 et
1252 2900 1427 2984 quod
1461 2901 1734 2966 informe
1772 2908 1874 2967 est
1905 2901 2283 2987 reformare,
2307 2923 2388 2969 ex
2422 2904 2617 2970 officii
2652 2908 2861 2973 nostri
2893 2906 2996 2974 de-

759 3016 916 3090 bito,
942 3020 1016 3079 'et
1047 3012 1155 3097 pie
1190 3010 1716 3076 condescendere
1751 3011 2145 3095 petentibus,
2179 3011 2572 3098 peticionem
2594 3022 2661 3081 et
2700 3022 2856 3081 vota
2889 3017 2997 3082 Ju-

761 3126 923 3191 dicis
957 3129 1020 3188 et
1038 3122 1360 3206 hospitum
1384 3120 1842 3204 predictorum,
1865 3138 2006 3185 cum
2030 3121 2159 3185 sint
2179 3119 2295 3186 filii
2329 3122 2536 3188 eciam
2558 3125 2795 3191 vterini
2824 3121 2995 3210 (igy)

762 3232 1081 3316 Ecclesie,
1104 3237 1379 3315 paterna
1401 3228 1904 3295 mansuetudine
1926 3229 2422 3313 amplectentes,
2446 3231 2810 3299 Ecclesiam
2830 3233 3000 3317 ipso-

758 3364 896 3409 rum
930 3340 1170 3406 nedum
1204 3337 1675 3420 aggrauamine
1706 3335 2209 3428 homicidiorum
2247 3339 2449 3419 petito
2471 3389 2486 3420 ,
2522 3359 2742 3404 verum
2778 3342 2991 3406 eciam

759 3453 842 3517 ab
894 3449 1069 3516 omni
1111 3446 1574 3531 jurisdiccione
1625 3444 2118 3510 Archidiaeoni·
2149 3447 2547 3530 parochialis
2600 3446 2998 3513 authoritate

758 3559 1165 3648 presencium
1200 3576 1424 3624 amore
1475 3554 1805 3639 hospitum
1855 3555 2291 3638 predictorum
2343 3557 2646 3622 duximus
2697 3558 2991 3626 eximen-

759 3670 930 3737 dam.
982 3665 1444 3733 concessimus
1481 3663 1705 3743 eciam,
1742 3668 1815 3730 vt
1848 3681 2074 3730 omnes
2108 3684 2343 3731 causas
2377 3666 2757 3748 spirituales
2791 3667 2857 3733 in
2891 3689 2998 3733 ea-

761 3782 904 3845 dem
937 3777 1102 3842 villa
1137 3781 1545 3859 emergentes
1567 3774 1801 3839 Rector
1834 3773 1974 3838 siue
2008 3776 2320 3842 sacerdos
2344 3775 2550 3861 ipsius
2585 3775 2885 3841 Ecclesie
2916 3777 2997 3841 de

761 3889 977 3955 Cassa
995 3884 1297 3972 judicare
1329 3881 1575 3968 possit,
1629 3887 1695 3946 et
1727 3881 1812 3947 ad
1845 3880 2018 3963 quod
2050 3882 2155 3947 vel
2189 3883 2276 3949 ad
2309 3900 2475 3965 quas
2515 3883 2718 3965 ipsius
2751 3884 2998 3969 pericia

758 4016 889 4061 non
921 3993 1247 4061 sufficeret
1271 3990 1692 4075 judicandas,
1729 3991 1798 4055 in
1830 3990 1930 4054 his
1964 3990 2052 4057 sit
2081 3991 2171 4057 ad
2205 4011 2326 4058 nos
2347 3993 2827 4058 recurrendum.
2862 3993 2996 4058 Da·

758 4111 891 4169 tum
925 4103 992 4168 in
1025 4101 1241 4168 Zekes
1272 4120 1442 4167 anno
1476 4099 1742 4165 Domini
1775 4098 1875 4165 M⁰
1907 4097 2046 4164 00⁰
2078 4101 2526 4184 nonagesimo.

759 4297 933 4370 (Imre
973 4301 1095 4372 egri
1120 4299 1351 4372 piispok
1379 4295 1601 4352 1382-ki
1626 4293 1977 4365 meger6sit6
2005 4293 2413 4365 okmanyabol,
2454 4297 2608 4367 mely
2633 4297 2757 4352 kelt
2787 4296 2998 4371 „Agrie

758 4395 817 4448 in
841 4392 1045 4461 vigilia
1070 4390 1242 4448 Beati
1260 4389 1480 4445 Mathei
1498 4388 1759 4458 Apostoli
1782 4394 1840 4442 et
1860 4385 2289 4459 Evangeliste“,
2310 4385 2371 4441 es
2393 4387 2663 4443 6riztetik
2686 4389 2878 4444 Kassa
2900 4385 2999 4444 va-

760 4503 852 4542 ros
877 4481 1293 4542 leveltaraban.
1330 4478 1655 4538 Kivonatat
1681 4478 1913 4533 kozolte
1940 4475 2111 4545 Fejer
2133 4477 2272 4532 Cod.
2297 4479 2452 4549 Dipl.
2481 4477 2579 4533 VI.
2607 4479 2662 4532 k.
2685 4479 2729 4535 Ι.
2754 4500 2796 4533 r.
2824 4478 2998 4550 73.1.)

1646 4765 2026 4777 ψ*
