3416 5313
1794 537 1812 543 ᾳ
1865 443 1986 514 178

800 643 932 729 ipsi
966 650 1241 712 actenus
1276 644 1727 730 possederunt,
1760 644 2096 713 dedissent
2130 650 2194 709 et
2228 647 2654 714 contulissent
2698 647 3041 732 sepedicto

802 751 1040 818 Comiti
1074 755 1324 840 Mykou
1357 754 1424 818 in
1461 754 1907 821 concambium
1940 754 2147 840 ipsius
2183 758 2356 819 terre
2394 752 2722 822 Olcharzk
2743 803 2758 837 ,
2813 753 3045 822 simili-

800 868 899 926 ter
932 863 1072 929 iure
1103 870 1416 946 perpetuo
1452 862 1954 947 possidendam3
1992 862 2086 928 ita
2121 860 2392 941 scilicet,
2431 860 2606 945 quod
2639 864 2697 927 si
2727 881 3045 947 processu

804 971 1122 1057 temporis
1156 971 1444 1055 quelibet
1497 972 1788 1057 parcium
1823 991 1938 1055 per
1974 971 2259 1055 aliquem
2301 971 2566 1037 racione
2599 972 3047 1055 predictarum

802 1079 1295 1165 possessionum
1330 1080 1789 1146 molestaretur
1810 1130 1827 1162 ,
1878 1097 1949 1146 se
1982 1080 2259 1144 inuicem
2293 1097 2408 1146 seu
2441 1084 2658 1145 mutuo
2693 1079 3046 1147 defensare

802 1193 1182 1255 tenerentur
1214 1189 1502 1272 proprijs
1553 1188 1893 1255 laboribus
1927 1195 1992 1255 et
2027 1192 2352 1272 expensis.
2405 1190 2478 1254 In
2514 1189 2692 1256 cuius
2733 1191 2830 1255 rei
2861 1190 3047 1255 testi-

804 1296 1089 1363 monium
1138 1302 1485 1383 presentes
1538 1297 1983 1366 concessimus
2038 1296 2241 1381 sigilli
2292 1298 2495 1365 nostri
2550 1299 2897 1365 munimine
2950 1318 3050 1364 ro-

804 1405 1096 1472 boratas.
1147 1406 1392 1473 Datum
1426 1426 1543 1492 per
1591 1426 1822 1472 manus
1857 1405 2152 1491 magistri
2184 1405 2453 1473 Henrici
2486 1409 2782 1477 Lectoris
2818 1406 3046 1475 Eccle-

808 1514 905 1579 sie
936 1520 1155 1581 nostre
1207 1533 1377 1580 anno
1406 1515 1668 1582 Domini
1702 1514 1801 1578 Μυ
1833 1513 1970 1583 CC⁰
2009 1516 2435 1601 nonagesimo
2486 1516 2780 1601 septimo.
2833 1517 3049 1581 Vene-

807 1623 1014 1691 rando
1067 1629 1253 1708 patre
1304 1625 1586 1691 Domino
1618 1624 1705 1688 H.
1740 1625 1865 1690 Dei
1916 1624 2145 1709 gracia
2196 1624 2526 1710 Episcopo
2558 1621 2865 1691 Vaciensi
2917 1622 3050 1689 exi·

807 1735 1020 1797 stente
1042 1781 1058 1813 ‚
1094 1730 1352 1799 domino
1386 1733 1729 1799 Dominico
1765 1731 2112 1816 Preposito
2135 1782 2153 1816 ,
2207 1732 2551 1799 Dominico
2585 1729 2870 1798 Cantore
2893 1780 2909 1808 ‚
2941 1731 3051 1797 Ju-

806 1838 1005 1926 lyano
1059 1838 1384 1923 Custode,
1441 1840 1753 1923 Olyuerio
1805 1838 2285 1907 Archidiacono
2338 1841 2688 1924 Vaciensi,
2739 1841 3049 1927 Nycolao

807 1947 1132 2014 Pestiensi
1151 2001 1169 2034 ‚
1223 1948 1546 2031 Agustino
1585 1947 1665 2012 de
1700 1948 2036 2033 Scigetfeu
2056 2001 2073 2034 ‚
2129 1949 2422 2034 Nycolao
2457 1949 2540 2014 de
2574 1947 2929 2034 Chongrad
2983 1956 3051 2017 et

809 2055 1093 2122 Goblino
1127 2058 1208 2123 de
1241 2054 1467 2121 Zonok
1504 2055 2000 2125 Archidiaconis
2037 2057 2490 2140 existentibu3‚
2523 2078 2601 2125 ac
2636 2059 2724 2125 ali
2726 2058 2793 2142 Js
2829 2059 3051 2123 multis

807 2164 875 2228 in
906 2162 1207 2230 Ecclesia
1237 2165 1446 2231 Beate
1506 2164 1791 2249 Virginis
1844 2165 2270 2234 existentibus
2324 2167 2466 2233 Deo
2518 2167 2626 2252 pie
2674 2166 3048 2233 famulanti-

810 2274 932 2340 bus
964 2272 1289 2339 humiliter
1325 2278 1388 2339 et
1422 2271 1672 2340 deuote.

1587 2439 1644 2503 A
1882 2436 1936 2502 B
2176 2435 2249 2505 Ο.

1029 2632 1240 2703 Jeqqzet.
1267 2629 1664 2704 Biirhdrtyara
1690 2631 1827 2691 irott
1852 2636 2120 2690 metszett
2159 2633 2349 2706 level,
2390 2636 2654 2709 melynek
2695 2633 2813 2693 alul
2838 2633 3054 2708 folhaj-

810 2729 924 2780 tott
950 2719 1154 2790 hdrtya
1181 2721 1600 2781 basadekaibol
1625 2729 1795 2781 voriis
1822 2725 1882 2781 es
1922 2724 2090 2793 stirga
2130 2727 2353 2781 sodrott
2378 2726 2686 2797 selyemrffl
2711 2726 2944 2801 fiiggott
2983 2728 3052 2801 ep

813 2810 1049 2907 monor-ri
1085 2810 1316 2886 pecsete
1352 2814 1671 2871 leszakadt.
1712 2816 1765 2871 A
1801 2815 2020 2871 kekkffi
2058 2813 2426 2873 leveltarban
2466 2834 2479 2870 :
2521 2818 2688 2875 Fasc.
2732 2821 2779 2874 1.
2819 2818 2959 2875 Nro.
3000 2822 3049 2875 6.

813 2906 978 2977 Erdy.
