<?xml version="1.0" encoding="UTF-8"?>
<!DOCTYPE html PUBLIC "-//W3C//DTD XHTML 1.0 Transitional//EN"
    "http://www.w3.org/TR/xhtml1/DTD/xhtml1-transitional.dtd">
<html xmlns="http://www.w3.org/1999/xhtml" xml:lang="en" lang="en">
 <head>
  <title>
</title>
<meta http-equiv="Content-Type" content="text/html;charset=utf-8" />
  <meta name='ocr-system' content='tesseract 3.04.00' />
  <meta name='ocr-capabilities' content='ocr_page ocr_carea ocr_par ocr_line ocrx_word'/>
</head>
<body>
  <div class='ocr_page' id='page_1' title='image "./rpdkorijokmnytr01wenzgoog_0088.png"; bbox 0 0 3416 5313; ppageno 0'>
   <div class='ocr_carea' id='block_1_1' title="bbox 1810 401 1895 466">
    <p class='ocr_par' dir='ltr' id='par_1_1' title="bbox 1810 401 1895 466">
     <span class='ocr_line' id='line_1_1' title="bbox 1810 401 1895 466; baseline 0.024 -2"><span class='ocrx_word' id='word_1_1' title='bbox 1810 401 1895 466; x_wconf 83' lang='lat'><strong>56</strong></span> 
     </span>
    </p>
   </div>
   <div class='ocr_carea' id='block_1_2' title="bbox 1678 490 1998 505">
    <p class='ocr_par' dir='ltr' id='par_1_2' title="bbox 1678 490 1998 505">
     <span class='ocr_line' id='line_1_2' title="bbox 1678 490 1998 505; baseline 0 4808"><span class='ocrx_word' id='word_1_2' title='bbox 1678 490 1998 505; x_wconf 95' lang='lat' dir='ltr'><strong> </strong></span> 
     </span>
    </p>
   </div>
   <div class='ocr_carea' id='block_1_3' title="bbox 717 599 3075 3948">
    <p class='ocr_par' dir='ltr' id='par_1_3' title="bbox 717 599 3075 3948">
     <span class='ocr_line' id='line_1_3' title="bbox 722 599 2963 687; baseline -0.001 -20"><span class='ocrx_word' id='word_1_3' title='bbox 722 600 844 667; x_wconf 90' lang='lat' dir='ltr'><strong>erit</strong></span> <span class='ocrx_word' id='word_1_4' title='bbox 875 621 991 687; x_wconf 87' lang='lat' dir='ltr'><strong>pro</strong></span> <span class='ocrx_word' id='word_1_5' title='bbox 1029 600 1259 668; x_wconf 89' lang='lat' dir='ltr'><strong>eodem</strong></span> <span class='ocrx_word' id='word_1_6' title='bbox 1302 601 1562 668; x_wconf 91' lang='lat' dir='ltr'><strong>domino</strong></span> <span class='ocrx_word' id='word_1_7' title='bbox 1600 618 1717 669; x_wconf 91' lang='lat' dir='ltr'><strong>suo</strong></span> <span class='ocrx_word' id='word_1_8' title='bbox 1751 602 1947 668; x_wconf 90' lang='lat' dir='ltr'><strong>Petro</strong></span> <span class='ocrx_word' id='word_1_9' title='bbox 1982 600 2237 668; x_wconf 78' lang='lat' dir='ltr'><strong>Gemite</strong></span> <span class='ocrx_word' id='word_1_10' title='bbox 2292 599 2624 670; x_wconf 90' lang='lat' dir='ltr'><strong>antedicto</strong></span> <span class='ocrx_word' id='word_1_11' title='bbox 2646 647 2664 684; x_wconf 92' lang='lat'><strong>,</strong></span> <span class='ocrx_word' id='word_1_12' title='bbox 2699 617 2963 686; x_wconf 90' lang='lat' dir='ltr'><strong>quorum</strong></span> 
     </span>
     <span class='ocr_line' id='line_1_4' title="bbox 717 707 2961 798; baseline 0.001 -24"><span class='ocrx_word' id='word_1_13' title='bbox 717 727 906 792; x_wconf 81' lang='lat' dir='ltr'><strong>vnus,</strong></span> <span class='ocrx_word' id='word_1_14' title='bbox 941 708 1190 777; x_wconf 89' lang='lat' dir='ltr'><strong>scilicet</strong></span> <span class='ocrx_word' id='word_1_15' title='bbox 1222 712 1455 777; x_wconf 88' lang='lat' dir='ltr'><strong>Petrus</strong></span> <span class='ocrx_word' id='word_1_16' title='bbox 1476 709 1913 798; x_wconf 89' lang='lat' dir='ltr'><strong>postmodum,</strong></span> <span class='ocrx_word' id='word_1_17' title='bbox 1952 710 2182 777; x_wconf 88' lang='lat' dir='ltr'><strong>eodem</strong></span> <span class='ocrx_word' id='word_1_18' title='bbox 2202 707 2453 777; x_wconf 83' lang='lat' dir='ltr'><strong>Comite</strong></span> <span class='ocrx_word' id='word_1_19' title='bbox 2481 712 2679 778; x_wconf 90' lang='lat' dir='ltr'><strong>Petro</strong></span> <span class='ocrx_word' id='word_1_20' title='bbox 2711 710 2796 776; x_wconf 88' lang='lat' dir='ltr'><strong>de</strong></span> <span class='ocrx_word' id='word_1_21' title='bbox 2827 709 2961 776; x_wconf 87' lang='lat' dir='ltr'><strong>vin-</strong></span> 
     </span>
     <span class='ocr_line' id='line_1_5' title="bbox 722 813 2962 905; baseline 0 -18"><span class='ocrx_word' id='word_1_22' title='bbox 722 820 885 887; x_wconf 88' lang='lat' dir='ltr'><strong>culis</strong></span> <span class='ocrx_word' id='word_1_23' title='bbox 918 819 1198 886; x_wconf 89' lang='lat' dir='ltr'><strong>liberato</strong></span> <span class='ocrx_word' id='word_1_24' title='bbox 1219 869 1235 902; x_wconf 91' lang='lat'><strong>,</strong></span> <span class='ocrx_word' id='word_1_25' title='bbox 1266 820 1525 888; x_wconf 83' lang='lat' dir='ltr'><strong>&#39;eodem</strong></span> <span class='ocrx_word' id='word_1_26' title='bbox 1579 822 1889 905; x_wconf 88' lang='lat' dir='ltr'><strong>paruulos</strong></span> <span class='ocrx_word' id='word_1_27' title='bbox 1923 842 1965 886; x_wconf 87' lang='lat' dir='ltr'><strong>a</strong></span> <span class='ocrx_word' id='word_1_28' title='bbox 2000 819 2388 887; x_wconf 85' lang='lat' dir='ltr'><strong>deteneione</strong></span> <span class='ocrx_word' id='word_1_29' title='bbox 2427 817 2765 889; x_wconf 90' lang='lat' dir='ltr'><strong>obsiduum</strong></span> <span class='ocrx_word' id='word_1_30' title='bbox 2798 813 2962 904; x_wconf 80' lang='lat' dir='ltr'><strong>(igy)</strong></span> 
     </span>
     <span class='ocr_line' id='line_1_6' title="bbox 724 925 2958 1013; baseline 0 -21"><span class='ocrx_word' id='word_1_31' title='bbox 724 925 1046 994; x_wconf 81' lang='lat' dir='ltr'><strong>redimere</strong></span> <span class='ocrx_word' id='word_1_32' title='bbox 1077 947 1205 994; x_wconf 90' lang='lat' dir='ltr'><strong>non</strong></span> <span class='ocrx_word' id='word_1_33' title='bbox 1241 934 1533 1011; x_wconf 81' lang='lat' dir='ltr'><strong>curante,</strong></span> <span class='ocrx_word' id='word_1_34' title='bbox 1555 947 1671 1013; x_wconf 89' lang='lat' dir='ltr'><strong>per</strong></span> <span class='ocrx_word' id='word_1_35' title='bbox 1691 928 1907 1012; x_wconf 91' lang='lat' dir='ltr'><strong>ipsum</strong></span> <span class='ocrx_word' id='word_1_36' title='bbox 1939 929 2244 996; x_wconf 85' lang='lat' dir='ltr'><strong>Cosmam</strong></span> <span class='ocrx_word' id='word_1_37' title='bbox 2270 929 2754 998; x_wconf 87' lang='lat' dir='ltr'><strong>mutilacionem</strong></span> <span class='ocrx_word' id='word_1_38' title='bbox 2778 947 2958 996; x_wconf 84' lang='lat' dir='ltr'><strong>exce-</strong></span> 
     </span>
     <span class='ocr_line' id='line_1_7' title="bbox 723 1033 2960 1123; baseline 0.001 -23"><span class='ocrx_word' id='word_1_39' title='bbox 723 1035 823 1123; x_wconf 90' lang='lat' dir='ltr'><strong>pit</strong></span> <span class='ocrx_word' id='word_1_40' title='bbox 852 1033 1043 1103; x_wconf 87' lang='lat' dir='ltr'><strong>vuius</strong></span> <span class='ocrx_word' id='word_1_41' title='bbox 1074 1033 1303 1120; x_wconf 86' lang='lat' dir='ltr'><strong>digiti,</strong></span> <span class='ocrx_word' id='word_1_42' title='bbox 1358 1038 1527 1104; x_wconf 87' lang='lat' dir='ltr'><strong>alter</strong></span> <span class='ocrx_word' id='word_1_43' title='bbox 1561 1057 1739 1120; x_wconf 86' lang='lat' dir='ltr'><strong>uero,</strong></span> <span class='ocrx_word' id='word_1_44' title='bbox 1769 1036 2084 1103; x_wconf 87' lang='lat' dir='ltr'><strong>videlicet</strong></span> <span class='ocrx_word' id='word_1_45' title='bbox 2115 1039 2470 1121; x_wconf 88' lang='lat' dir='ltr'><strong>Jobannes,</strong></span> <span class='ocrx_word' id='word_1_46' title='bbox 2508 1036 2811 1104; x_wconf 89' lang='lat' dir='ltr'><strong>similiter</strong></span> <span class='ocrx_word' id='word_1_47' title='bbox 2844 1054 2960 1121; x_wconf 90' lang='lat' dir='ltr'><strong>per</strong></span> 
     </span>
     <span class='ocr_line' id='line_1_8' title="bbox 727 1146 2966 1235; baseline 0.003 -27"><span class='ocrx_word' id='word_1_48' title='bbox 727 1147 987 1213; x_wconf 85' lang='lat' dir='ltr'><strong>eunden</strong></span> <span class='ocrx_word' id='word_1_49' title='bbox 1009 1146 1317 1213; x_wconf 85' lang='lat' dir='ltr'><strong>Cosmam</strong></span> <span class='ocrx_word' id='word_1_50' title='bbox 1338 1149 1535 1214; x_wconf 87' lang='lat' dir='ltr'><strong>uitam</strong></span> <span class='ocrx_word' id='word_1_51' title='bbox 1570 1147 1858 1214; x_wconf 88' lang='lat' dir='ltr'><strong>finiuerit</strong></span> <span class='ocrx_word' id='word_1_52' title='bbox 1877 1146 2098 1231; x_wconf 85' lang='lat' dir='ltr'><strong>capite</strong></span> <span class='ocrx_word' id='word_1_53' title='bbox 2120 1148 2510 1214; x_wconf 87' lang='lat' dir='ltr'><strong>detruncato</strong></span> <span class='ocrx_word' id='word_1_54' title='bbox 2533 1174 2549 1235; x_wconf 70' lang='grc' dir='ltr'><strong><em>ς</em></strong></span> <span class='ocrx_word' id='word_1_55' title='bbox 2584 1147 2815 1217; x_wconf 86' lang='lat' dir='ltr'><strong>volens</strong></span> <span class='ocrx_word' id='word_1_56' title='bbox 2847 1146 2966 1230; x_wconf 84' lang='lat' dir='ltr'><strong>igi·</strong></span> 
     </span>
     <span class='ocr_line' id='line_1_9' title="bbox 725 1253 2969 1340; baseline 0.002 -21"><span class='ocrx_word' id='word_1_57' title='bbox 725 1259 830 1320; x_wconf 90' lang='lat' dir='ltr'><strong>tur</strong></span> <span class='ocrx_word' id='word_1_58' title='bbox 863 1253 1036 1319; x_wconf 89' lang='lat' dir='ltr'><strong>idem</strong></span> <span class='ocrx_word' id='word_1_59' title='bbox 1069 1253 1298 1322; x_wconf 82' lang='lat' dir='ltr'><strong>Comes</strong></span> <span class='ocrx_word' id='word_1_60' title='bbox 1333 1255 1564 1322; x_wconf 87' lang='lat' dir='ltr'><strong>Petrus</strong></span> <span class='ocrx_word' id='word_1_61' title='bbox 1585 1254 2154 1340; x_wconf 88' lang='lat' dir='ltr'><strong>decapitacionem</strong></span> <span class='ocrx_word' id='word_1_62' title='bbox 2190 1262 2254 1321; x_wconf 86' lang='lat' dir='ltr'><strong>et</strong></span> <span class='ocrx_word' id='word_1_63' title='bbox 2287 1256 2773 1324; x_wconf 87' lang='lat' dir='ltr'><strong>mutilacionem</strong></span> <span class='ocrx_word' id='word_1_64' title='bbox 2805 1254 2969 1323; x_wconf 88' lang='lat' dir='ltr'><strong>filio-</strong></span> 
     </span>
     <span class='ocr_line' id='line_1_10' title="bbox 727 1360 2968 1450; baseline 0.001 -22"><span class='ocrx_word' id='word_1_65' title='bbox 727 1382 867 1430; x_wconf 90' lang='lat' dir='ltr'><strong>rum</strong></span> <span class='ocrx_word' id='word_1_66' title='bbox 903 1360 1146 1447; x_wconf 82' lang='lat' dir='ltr'><strong>prefati</strong></span> <span class='ocrx_word' id='word_1_67' title='bbox 1179 1363 1454 1449; x_wconf 81' lang='lat' dir='ltr'><strong>Georgij</strong></span> <span class='ocrx_word' id='word_1_68' title='bbox 1479 1362 2091 1448; x_wconf 87' lang='lat' dir='ltr'><strong>recompensacione</strong></span> <span class='ocrx_word' id='word_1_69' title='bbox 2125 1372 2190 1430; x_wconf 91' lang='lat' dir='ltr'><strong>et</strong></span> <span class='ocrx_word' id='word_1_70' title='bbox 2224 1363 2690 1432; x_wconf 78' lang='lat' dir='ltr'><strong>satisfaccione</strong></span> <span class='ocrx_word' id='word_1_71' title='bbox 2722 1363 2968 1450; x_wconf 85' lang='lat' dir='ltr'><strong>aliqua·</strong></span> 
     </span>
     <span class='ocr_line' id='line_1_11' title="bbox 727 1471 2964 1560; baseline 0.001 -23"><span class='ocrx_word' id='word_1_72' title='bbox 727 1471 879 1537; x_wconf 91' lang='lat' dir='ltr'><strong>liter</strong></span> <span class='ocrx_word' id='word_1_73' title='bbox 908 1479 1321 1558; x_wconf 89' lang='lat' dir='ltr'><strong>restaurare,</strong></span> <span class='ocrx_word' id='word_1_74' title='bbox 1380 1473 1710 1559; x_wconf 87' lang='lat' dir='ltr'><strong>quandam</strong></span> <span class='ocrx_word' id='word_1_75' title='bbox 1759 1481 2002 1540; x_wconf 87' lang='lat' dir='ltr'><strong>terram</strong></span> <span class='ocrx_word' id='word_1_76' title='bbox 2058 1493 2247 1541; x_wconf 89' lang='lat' dir='ltr'><strong>suam</strong></span> <span class='ocrx_word' id='word_1_77' title='bbox 2279 1475 2635 1560; x_wconf 86' lang='lat' dir='ltr'><strong>Kusvista,</strong></span> <span class='ocrx_word' id='word_1_78' title='bbox 2687 1474 2794 1542; x_wconf 90' lang='lat' dir='ltr'><strong>uel</strong></span> <span class='ocrx_word' id='word_1_79' title='bbox 2833 1473 2964 1540; x_wconf 88' lang='lat' dir='ltr'><strong>alio</strong></span> 
     </span>
     <span class='ocr_line' id='line_1_12' title="bbox 727 1578 2971 1670; baseline -0.001 -22"><span class='ocrx_word' id='word_1_80' title='bbox 727 1580 989 1648; x_wconf 91' lang='lat' dir='ltr'><strong>nomine</strong></span> <span class='ocrx_word' id='word_1_81' title='bbox 1020 1578 1301 1650; x_wconf 88' lang='lat' dir='ltr'><strong>Kusfolu</strong></span> <span class='ocrx_word' id='word_1_82' title='bbox 1337 1587 1662 1666; x_wconf 88' lang='lat' dir='ltr'><strong>uocatam,</strong></span> <span class='ocrx_word' id='word_1_83' title='bbox 1698 1581 2085 1650; x_wconf 79' lang='lat' dir='ltr'><strong>existentem</strong></span> <span class='ocrx_word' id='word_1_84' title='bbox 2137 1602 2178 1647; x_wconf 92' lang='lat' dir='ltr'><strong>a</strong></span> <span class='ocrx_word' id='word_1_85' title='bbox 2207 1590 2396 1670; x_wconf 89' lang='lat' dir='ltr'><strong>parte</strong></span> <span class='ocrx_word' id='word_1_86' title='bbox 2450 1583 2754 1651; x_wconf 82' lang='lat' dir='ltr'><strong>orientali</strong></span> <span class='ocrx_word' id='word_1_87' title='bbox 2798 1582 2971 1649; x_wconf 84' lang='lat' dir='ltr'><strong>inter</strong></span> 
     </span>
     <span class='ocr_line' id='line_1_13' title="bbox 728 1688 2972 1776; baseline -0 -20"><span class='ocrx_word' id='word_1_88' title='bbox 728 1697 940 1757; x_wconf 89' lang='lat' dir='ltr'><strong>terras</strong></span> <span class='ocrx_word' id='word_1_89' title='bbox 970 1688 1186 1756; x_wconf 84' lang='lat' dir='ltr'><strong>Castri</strong></span> <span class='ocrx_word' id='word_1_90' title='bbox 1207 1690 1626 1757; x_wconf 89' lang='lat' dir='ltr'><strong>Posoniensis</strong></span> <span class='ocrx_word' id='word_1_91' title='bbox 1660 1691 1849 1757; x_wconf 89' lang='lat' dir='ltr'><strong>Vista</strong></span> <span class='ocrx_word' id='word_1_92' title='bbox 1871 1696 2165 1774; x_wconf 86' lang='lat' dir='ltr'><strong>uocatas,</strong></span> <span class='ocrx_word' id='word_1_93' title='bbox 2201 1710 2242 1756; x_wconf 91' lang='lat' dir='ltr'><strong>a</strong></span> <span class='ocrx_word' id='word_1_94' title='bbox 2262 1698 2450 1776; x_wconf 90' lang='lat' dir='ltr'><strong>parte</strong></span> <span class='ocrx_word' id='word_1_95' title='bbox 2481 1711 2643 1760; x_wconf 90' lang='grc'><strong>11010</strong></span> <span class='ocrx_word' id='word_1_96' title='bbox 2674 1692 2972 1761; x_wconf 84' lang='grc'><strong>000111011-</strong></span> 
     </span>
     <span class='ocr_line' id='line_1_14' title="bbox 731 1797 2972 1883; baseline 0.002 -21"><span class='ocrx_word' id='word_1_97' title='bbox 731 1797 848 1862; x_wconf 87' lang='lat' dir='ltr'><strong>tali</strong></span> <span class='ocrx_word' id='word_1_98' title='bbox 881 1798 1048 1864; x_wconf 88' lang='lat' dir='ltr'><strong>inter</strong></span> <span class='ocrx_word' id='word_1_99' title='bbox 1081 1805 1289 1866; x_wconf 89' lang='lat' dir='ltr'><strong>terras</strong></span> <span class='ocrx_word' id='word_1_100' title='bbox 1323 1819 1481 1867; x_wconf 88' lang='lat' dir='ltr'><strong>suas</strong></span> <span class='ocrx_word' id='word_1_101' title='bbox 1514 1799 1705 1867; x_wconf 84' lang='lat' dir='ltr'><strong>Vista</strong></span> <span class='ocrx_word' id='word_1_102' title='bbox 1739 1806 2034 1883; x_wconf 87' lang='lat' dir='ltr'><strong>uocatas,</strong></span> <span class='ocrx_word' id='word_1_103' title='bbox 2068 1821 2211 1868; x_wconf 90' lang='lat' dir='ltr'><strong>cum</strong></span> <span class='ocrx_word' id='word_1_104' title='bbox 2244 1799 2545 1867; x_wconf 89' lang='lat' dir='ltr'><strong>omnibus</strong></span> <span class='ocrx_word' id='word_1_105' title='bbox 2580 1799 2972 1868; x_wconf 78' lang='lat' dir='ltr'><strong>utilitatibus</strong></span> 
     </span>
     <span class='ocr_line' id='line_1_15' title="bbox 732 1909 2975 1996; baseline -0 -21"><span class='ocrx_word' id='word_1_106' title='bbox 732 1910 883 1992; x_wconf 88' lang='grc'><strong>81118,</strong></span> <span class='ocrx_word' id='word_1_107' title='bbox 910 1909 1219 1977; x_wconf 81' lang='lat' dir='ltr'><strong>videlieet</strong></span> <span class='ocrx_word' id='word_1_108' title='bbox 1238 1909 1442 1995; x_wconf 88' lang='lat' dir='ltr'><strong>siluis,</strong></span> <span class='ocrx_word' id='word_1_109' title='bbox 1476 1909 1866 1994; x_wconf 75' lang='lat' dir='ltr'><strong>nemoribuS,</strong></span> <span class='ocrx_word' id='word_1_110' title='bbox 1887 1910 2210 1996; x_wconf 83' lang='lat' dir='ltr'><strong>virgultis,</strong></span> <span class='ocrx_word' id='word_1_111' title='bbox 2244 1911 2503 1996; x_wconf 75' lang='lat' dir='ltr'><strong>tenetis,</strong></span> <span class='ocrx_word' id='word_1_112' title='bbox 2538 1930 2617 1977; x_wconf 89' lang='lat' dir='ltr'><strong>ac</strong></span> <span class='ocrx_word' id='word_1_113' title='bbox 2650 1910 2801 1995; x_wconf 75' lang='lat' dir='ltr'><strong>aliJs</strong></span> <span class='ocrx_word' id='word_1_114' title='bbox 2833 1927 2975 1995; x_wconf 89' lang='lat' dir='ltr'><strong>per-</strong></span> 
     </span>
     <span class='ocr_line' id='line_1_16' title="bbox 731 2014 2972 2104; baseline 0.001 -22"><span class='ocrx_word' id='word_1_115' title='bbox 731 2014 1036 2102; x_wconf 90' lang='lat' dir='ltr'><strong>tinencijs</strong></span> <span class='ocrx_word' id='word_1_116' title='bbox 1069 2019 1419 2099; x_wconf 75' lang='lat' dir='ltr'><strong>vniuersiS,</strong></span> <span class='ocrx_word' id='word_1_117' title='bbox 1445 2015 1656 2084; x_wconf 90' lang='lat' dir='ltr'><strong>eidem</strong></span> <span class='ocrx_word' id='word_1_118' title='bbox 1690 2017 2003 2104; x_wconf 79' lang='lat' dir='ltr'><strong>Georgio,</strong></span> <span class='ocrx_word' id='word_1_119' title='bbox 2039 2024 2103 2083; x_wconf 91' lang='lat' dir='ltr'><strong>et</strong></span> <span class='ocrx_word' id='word_1_120' title='bbox 2136 2039 2254 2102; x_wconf 89' lang='lat' dir='ltr'><strong>per</strong></span> <span class='ocrx_word' id='word_1_121' title='bbox 2287 2036 2432 2085; x_wconf 89' lang='lat' dir='ltr'><strong>eum</strong></span> <span class='ocrx_word' id='word_1_122' title='bbox 2466 2020 2601 2086; x_wconf 91' lang='lat' dir='ltr'><strong>suis</strong></span> <span class='ocrx_word' id='word_1_123' title='bbox 2621 2017 2972 2086; x_wconf 84' lang='lat' dir='ltr'><strong>heredibus</strong></span> 
     </span>
     <span class='ocr_line' id='line_1_17' title="bbox 741 2123 2979 2210; baseline 0.001 -20"><span class='ocrx_word' id='word_1_124' title='bbox 741 2125 1184 2208; x_wconf 85' lang='lat' dir='ltr'><strong>heredumque</strong></span> <span class='ocrx_word' id='word_1_125' title='bbox 1217 2145 1475 2192; x_wconf 88' lang='lat' dir='ltr'><strong>suorum</strong></span> <span class='ocrx_word' id='word_1_126' title='bbox 1511 2126 2004 2194; x_wconf 89' lang='lat' dir='ltr'><strong>successoribus</strong></span> <span class='ocrx_word' id='word_1_127' title='bbox 2038 2125 2261 2210; x_wconf 86' lang='lat' dir='ltr'><strong>dedit,</strong></span> <span class='ocrx_word' id='word_1_128' title='bbox 2306 2127 2579 2194; x_wconf 85' lang='lat' dir='ltr'><strong>contulit</strong></span> <span class='ocrx_word' id='word_1_129' title='bbox 2613 2131 2678 2194; x_wconf 92' lang='lat' dir='ltr'><strong>et</strong></span> <span class='ocrx_word' id='word_1_130' title='bbox 2708 2123 2979 2193; x_wconf 86' lang='lat' dir='ltr'><strong>donauit</strong></span> 
     </span>
     <span class='ocr_line' id='line_1_18' title="bbox 740 2231 2977 2319; baseline -0.001 -18"><span class='ocrx_word' id='word_1_131' title='bbox 740 2243 1050 2319; x_wconf 87' lang='lat' dir='ltr'><strong>perpetuo</strong></span> <span class='ocrx_word' id='word_1_132' title='bbox 1103 2233 1612 2318; x_wconf 83' lang='lat' dir='ltr'><strong>possidendam,</strong></span> <span class='ocrx_word' id='word_1_133' title='bbox 1664 2241 1974 2318; x_wconf 86' lang='lat' dir='ltr'><strong>presente</strong></span> <span class='ocrx_word' id='word_1_134' title='bbox 2029 2241 2093 2300; x_wconf 91' lang='lat' dir='ltr'><strong>et</strong></span> <span class='ocrx_word' id='word_1_135' title='bbox 2142 2235 2498 2301; x_wconf 86' lang='lat' dir='ltr'><strong>assistente</strong></span> <span class='ocrx_word' id='word_1_136' title='bbox 2532 2232 2803 2316; x_wconf 82' lang='lat' dir='ltr'><strong>Thoma,</strong></span> <span class='ocrx_word' id='word_1_137' title='bbox 2842 2231 2977 2299; x_wconf 88' lang='lat' dir='ltr'><strong>filio</strong></span> 
     </span>
     <span class='ocr_line' id='line_1_19' title="bbox 737 2339 2976 2427; baseline 0 -18"><span class='ocrx_word' id='word_1_138' title='bbox 737 2341 1005 2409; x_wconf 85' lang='lat' dir='ltr'><strong>Comitis</strong></span> <span class='ocrx_word' id='word_1_139' title='bbox 1040 2339 1358 2426; x_wconf 84' lang='lat' dir='ltr'><strong>Tiburcij,</strong></span> <span class='ocrx_word' id='word_1_140' title='bbox 1391 2341 1612 2408; x_wconf 84' lang='lat' dir='ltr'><strong>fratris</strong></span> <span class='ocrx_word' id='word_1_141' title='bbox 1646 2342 1771 2427; x_wconf 86' lang='lat' dir='ltr'><strong>sui,</strong></span> <span class='ocrx_word' id='word_1_142' title='bbox 1796 2343 1904 2424; x_wconf 92' lang='lat' dir='ltr'><strong>qui</strong></span> <span class='ocrx_word' id='word_1_143' title='bbox 1934 2340 2305 2410; x_wconf 89' lang='lat' dir='ltr'><strong>huiusmodi</strong></span> <span class='ocrx_word' id='word_1_144' title='bbox 2336 2341 2674 2409; x_wconf 89' lang='lat' dir='ltr'><strong>donationi</strong></span> <span class='ocrx_word' id='word_1_145' title='bbox 2706 2361 2976 2410; x_wconf 87' lang='lat' dir='ltr'><strong>consen-</strong></span> 
     </span>
     <span class='ocr_line' id='line_1_20' title="bbox 742 2449 2976 2538; baseline -0.001 -19"><span class='ocrx_word' id='word_1_146' title='bbox 742 2471 884 2519; x_wconf 92' lang='lat' dir='ltr'><strong>sum</strong></span> <span class='ocrx_word' id='word_1_147' title='bbox 917 2471 1105 2519; x_wconf 91' lang='lat' dir='ltr'><strong>suum</strong></span> <span class='ocrx_word' id='word_1_148' title='bbox 1138 2452 1398 2538; x_wconf 88' lang='lat' dir='ltr'><strong>prebuit</strong></span> <span class='ocrx_word' id='word_1_149' title='bbox 1429 2458 1494 2516; x_wconf 91' lang='lat' dir='ltr'><strong>et</strong></span> <span class='ocrx_word' id='word_1_150' title='bbox 1527 2471 1891 2534; x_wconf 87' lang='lat' dir='ltr'><strong>assensum,</strong></span> <span class='ocrx_word' id='word_1_151' title='bbox 1934 2449 2045 2537; x_wconf 86' lang='lat' dir='ltr'><strong>ita,</strong></span> <span class='ocrx_word' id='word_1_152' title='bbox 2079 2452 2253 2537; x_wconf 91' lang='lat' dir='ltr'><strong>quod</strong></span> <span class='ocrx_word' id='word_1_153' title='bbox 2287 2452 2369 2518; x_wconf 95' lang='lat' dir='ltr'><strong>de</strong></span> <span class='ocrx_word' id='word_1_154' title='bbox 2402 2456 2621 2518; x_wconf 91' lang='lat' dir='ltr'><strong>cetero</strong></span> <span class='ocrx_word' id='word_1_155' title='bbox 2661 2473 2784 2520; x_wconf 90' lang='lat' dir='ltr'><strong>nec</strong></span> <span class='ocrx_word' id='word_1_156' title='bbox 2813 2460 2976 2536; x_wconf 81' lang='lat' dir='ltr'><strong>ipse,</strong></span> 
     </span>
     <span class='ocr_line' id='line_1_21' title="bbox 743 2556 2974 2646; baseline -0.001 -20"><span class='ocrx_word' id='word_1_157' title='bbox 743 2578 867 2626; x_wconf 88' lang='lat' dir='ltr'><strong>nec</strong></span> <span class='ocrx_word' id='word_1_158' title='bbox 895 2558 1012 2646; x_wconf 88' lang='lat' dir='ltr'><strong>filij</strong></span> <span class='ocrx_word' id='word_1_159' title='bbox 1050 2559 1187 2642; x_wconf 88' lang='lat' dir='ltr'><strong>sui,</strong></span> <span class='ocrx_word' id='word_1_160' title='bbox 1225 2580 1346 2626; x_wconf 92' lang='lat' dir='ltr'><strong>nec</strong></span> <span class='ocrx_word' id='word_1_161' title='bbox 1378 2558 1585 2644; x_wconf 87' lang='lat' dir='ltr'><strong>aliqui</strong></span> <span class='ocrx_word' id='word_1_162' title='bbox 1638 2559 1722 2625; x_wconf 91' lang='lat' dir='ltr'><strong>de</strong></span> <span class='ocrx_word' id='word_1_163' title='bbox 1774 2556 2176 2642; x_wconf 85' lang='lat' dir='ltr'><strong>cognacione</strong></span> <span class='ocrx_word' id='word_1_164' title='bbox 2208 2579 2329 2625; x_wconf 91' lang='lat' dir='ltr'><strong>sua</strong></span> <span class='ocrx_word' id='word_1_165' title='bbox 2361 2560 2572 2646; x_wconf 88' lang='lat' dir='ltr'><strong>ipsam</strong></span> <span class='ocrx_word' id='word_1_166' title='bbox 2606 2567 2847 2627; x_wconf 88' lang='lat' dir='ltr'><strong>terram</strong></span> <span class='ocrx_word' id='word_1_167' title='bbox 2891 2556 2974 2626; x_wconf 89' lang='lat' dir='ltr'><strong>ab</strong></span> 
     </span>
     <span class='ocr_line' id='line_1_22' title="bbox 748 2669 2976 2757; baseline 0 -21"><span class='ocrx_word' id='word_1_168' title='bbox 748 2670 980 2736; x_wconf 90' lang='lat' dir='ltr'><strong>eodem</strong></span> <span class='ocrx_word' id='word_1_169' title='bbox 1015 2669 1316 2753; x_wconf 80' lang='lat' dir='ltr'><strong>Georgio,</strong></span> <span class='ocrx_word' id='word_1_170' title='bbox 1351 2674 1464 2734; x_wconf 92' lang='lat' dir='ltr'><strong>aut</strong></span> <span class='ocrx_word' id='word_1_171' title='bbox 1494 2669 1648 2755; x_wconf 89' lang='lat' dir='ltr'><strong>filijs</strong></span> <span class='ocrx_word' id='word_1_172' title='bbox 1679 2670 1790 2735; x_wconf 91' lang='lat' dir='ltr'><strong>uel</strong></span> <span class='ocrx_word' id='word_1_173' title='bbox 1822 2669 2321 2753; x_wconf 87' lang='lat' dir='ltr'><strong>posteritatibus</strong></span> <span class='ocrx_word' id='word_1_174' title='bbox 2356 2671 2494 2737; x_wconf 87' lang='lat' dir='ltr'><strong>suis</strong></span> <span class='ocrx_word' id='word_1_175' title='bbox 2525 2670 2787 2757; x_wconf 90' lang='lat' dir='ltr'><strong>possint</strong></span> <span class='ocrx_word' id='word_1_176' title='bbox 2822 2690 2976 2754; x_wconf 91' lang='lat' dir='ltr'><strong>quo-</strong></span> 
     </span>
     <span class='ocr_line' id='line_1_23' title="bbox 751 2776 2983 2863; baseline 0 -19"><span class='ocrx_word' id='word_1_177' title='bbox 751 2777 1074 2861; x_wconf 88' lang='lat' dir='ltr'><strong>quomodo</strong></span> <span class='ocrx_word' id='word_1_178' title='bbox 1097 2777 1408 2861; x_wconf 89' lang='lat' dir='ltr'><strong>alienare‚</strong></span> <span class='ocrx_word' id='word_1_179' title='bbox 1429 2779 1536 2843; x_wconf 93' lang='lat' dir='ltr'><strong>uel</strong></span> <span class='ocrx_word' id='word_1_180' title='bbox 1558 2777 1626 2845; x_wconf 91' lang='lat' dir='ltr'><strong>in</strong></span> <span class='ocrx_word' id='word_1_181' title='bbox 1657 2777 1914 2843; x_wconf 90' lang='lat' dir='ltr'><strong>irritum</strong></span> <span class='ocrx_word' id='word_1_182' title='bbox 1934 2799 2267 2860; x_wconf 88' lang='lat' dir='ltr'><strong>reuocare,</strong></span> <span class='ocrx_word' id='word_1_183' title='bbox 2299 2776 2654 2863; x_wconf 87' lang='lat' dir='ltr'><strong>obligando</strong></span> <span class='ocrx_word' id='word_1_184' title='bbox 2694 2799 2784 2862; x_wconf 91' lang='grc'><strong>80,</strong></span> <span class='ocrx_word' id='word_1_185' title='bbox 2809 2777 2983 2862; x_wconf 89' lang='lat' dir='ltr'><strong>quod</strong></span> 
     </span>
     <span class='ocr_line' id='line_1_24' title="bbox 749 2870 2980 2973; baseline 0 -21"><span class='ocrx_word' id='word_1_186' title='bbox 749 2889 1143 2972; x_wconf 91' lang='lat' dir='ltr'><strong>quicumque</strong></span> <span class='ocrx_word' id='word_1_187' title='bbox 1166 2904 1480 2970; x_wconf 89' lang='lat' dir='ltr'><strong>processu</strong></span> <span class='ocrx_word' id='word_1_188' title='bbox 1501 2893 1867 2972; x_wconf 92' lang='lat' dir='ltr'><strong>temporum</strong></span> <span class='ocrx_word' id='word_1_189' title='bbox 1899 2885 1981 2954; x_wconf 92' lang='lat' dir='ltr'><strong>de</strong></span> <span class='ocrx_word' id='word_1_190' title='bbox 2015 2886 2363 2954; x_wconf 84' lang='lat' dir='ltr'><strong>heredibus</strong></span> <span class='ocrx_word' id='word_1_191' title='bbox 2398 2894 2511 2955; x_wconf 90' lang='lat' dir='ltr'><strong>aut</strong></span> <span class='ocrx_word' id='word_1_192' title='bbox 2535 2870 2980 2973; x_wconf 83' lang='lat' dir='ltr'><strong>generacioni-</strong></span> 
     </span>
     <span class='ocr_line' id='line_1_25' title="bbox 744 2994 2977 3080; baseline -0.001 -17"><span class='ocrx_word' id='word_1_193' title='bbox 744 2996 865 3063; x_wconf 90' lang='lat' dir='ltr'><strong>bus</strong></span> <span class='ocrx_word' id='word_1_194' title='bbox 898 2994 1054 3077; x_wconf 90' lang='lat' dir='ltr'><strong>suis,</strong></span> <span class='ocrx_word' id='word_1_195' title='bbox 1089 2994 1365 3061; x_wconf 90' lang='lat' dir='ltr'><strong>eandem</strong></span> <span class='ocrx_word' id='word_1_196' title='bbox 1397 3001 1643 3060; x_wconf 87' lang='lat' dir='ltr'><strong>terram</strong></span> <span class='ocrx_word' id='word_1_197' title='bbox 1677 2996 1761 3060; x_wconf 91' lang='lat' dir='ltr'><strong>ab</strong></span> <span class='ocrx_word' id='word_1_198' title='bbox 1795 2996 1939 3079; x_wconf 92' lang='lat' dir='ltr'><strong>ipso</strong></span> <span class='ocrx_word' id='word_1_199' title='bbox 1975 2995 2280 3080; x_wconf 70' lang='lat' dir='ltr'><strong>Geor-gio,</strong></span> <span class='ocrx_word' id='word_1_200' title='bbox 2318 2998 2425 3062; x_wconf 91' lang='lat' dir='ltr'><strong>uel</strong></span> <span class='ocrx_word' id='word_1_201' title='bbox 2455 2996 2809 3067; x_wconf 85' lang='lat' dir='ltr'><strong>heredibus</strong></span> <span class='ocrx_word' id='word_1_202' title='bbox 2842 2995 2977 3065; x_wconf 87' lang='lat' dir='ltr'><strong>suis</strong></span> 
     </span>
     <span class='ocr_line' id='line_1_26' title="bbox 745 3101 3075 3190; baseline -0.003 -15"><span class='ocrx_word' id='word_1_203' title='bbox 745 3106 1064 3190; x_wconf 87' lang='lat' dir='ltr'><strong>alienare,</strong></span> <span class='ocrx_word' id='word_1_204' title='bbox 1099 3107 1212 3169; x_wconf 89' lang='lat' dir='ltr'><strong>aut</strong></span> <span class='ocrx_word' id='word_1_205' title='bbox 1243 3101 1497 3172; x_wconf 87' lang='lat' dir='ltr'><strong>irritare</strong></span> <span class='ocrx_word' id='word_1_206' title='bbox 1536 3101 1813 3170; x_wconf 86' lang='lat' dir='ltr'><strong>forsitan</strong></span> <span class='ocrx_word' id='word_1_207' title='bbox 1848 3109 2353 3190; x_wconf 87' lang='lat' dir='ltr'><strong>attemptarent,</strong></span> <span class='ocrx_word' id='word_1_208' title='bbox 2406 3105 2803 3172; x_wconf 86' lang='lat' dir='ltr'><strong>alienatores</strong></span> <span class='ocrx_word' id='word_1_209' title='bbox 2828 3155 2846 3189; x_wconf 91' lang='lat'>‚</span> <span class='ocrx_word' id='word_1_210' title='bbox 2877 3106 2984 3170; x_wconf 93' lang='lat' dir='ltr'><strong>uel</strong></span> <span class='ocrx_word' id='word_1_211' title='bbox 3066 3162 3075 3168; x_wconf 94' lang='lat'>.</span> 
     </span>
     <span class='ocr_line' id='line_1_27' title="bbox 748 3209 2986 3298; baseline -0.001 -16"><span class='ocrx_word' id='word_1_212' title='bbox 748 3215 1109 3282; x_wconf 88' lang='lat' dir='ltr'><strong>irritatores</strong></span> <span class='ocrx_word' id='word_1_213' title='bbox 1135 3211 1506 3280; x_wconf 91' lang='lat' dir='ltr'><strong>huiusmodi</strong></span> <span class='ocrx_word' id='word_1_214' title='bbox 1526 3209 1911 3279; x_wconf 87' lang='lat' dir='ltr'><strong>donacionis</strong></span> <span class='ocrx_word' id='word_1_215' title='bbox 1935 3211 2150 3278; x_wconf 90' lang='lat' dir='ltr'><strong>eidem</strong></span> <span class='ocrx_word' id='word_1_216' title='bbox 2172 3212 2481 3298; x_wconf 79' lang='lat' dir='ltr'><strong>Georgio,</strong></span> <span class='ocrx_word' id='word_1_217' title='bbox 2515 3212 2622 3280; x_wconf 93' lang='lat' dir='ltr'><strong>uel</strong></span> <span class='ocrx_word' id='word_1_218' title='bbox 2644 3231 2986 3281; x_wconf 89' lang='lat' dir='ltr'><strong>successo-</strong></span> 
     </span>
     <span class='ocr_line' id='line_1_28' title="bbox 750 3320 2987 3406; baseline -0.002 -17"><span class='ocrx_word' id='word_1_219' title='bbox 750 3321 928 3390; x_wconf 89' lang='lat' dir='ltr'><strong>ribus</strong></span> <span class='ocrx_word' id='word_1_220' title='bbox 961 3322 1099 3390; x_wconf 90' lang='lat' dir='ltr'><strong>suis</strong></span> <span class='ocrx_word' id='word_1_221' title='bbox 1133 3320 1550 3390; x_wconf 83' lang='lat' dir='ltr'><strong>taxacionem</strong></span> <span class='ocrx_word' id='word_1_222' title='bbox 1585 3321 2058 3405; x_wconf 83' lang='lat' dir='ltr'><strong>quinquaginta</strong></span> <span class='ocrx_word' id='word_1_223' title='bbox 2109 3340 2494 3406; x_wconf 88' lang='lat' dir='ltr'><strong>marcarum,</strong></span> <span class='ocrx_word' id='word_1_224' title='bbox 2528 3322 2762 3405; x_wconf 92' lang='lat' dir='ltr'><strong>quibus</strong></span> <span class='ocrx_word' id='word_1_225' title='bbox 2802 3320 2987 3389; x_wconf 86' lang='lat' dir='ltr'><strong>deca·</strong></span> 
     </span>
     <span class='ocr_line' id='line_1_29' title="bbox 750 3427 2986 3519; baseline 0 -23"><span class='ocrx_word' id='word_1_226' title='bbox 750 3428 990 3519; x_wconf 83' lang='lat' dir='ltr'><strong>pitacio</strong></span> <span class='ocrx_word' id='word_1_227' title='bbox 1025 3436 1088 3497; x_wconf 89' lang='lat' dir='ltr'><strong>et</strong></span> <span class='ocrx_word' id='word_1_228' title='bbox 1122 3427 1453 3494; x_wconf 90' lang='lat' dir='ltr'><strong>mutilacio</strong></span> <span class='ocrx_word' id='word_1_229' title='bbox 1497 3428 1690 3513; x_wconf 86' lang='lat' dir='ltr'><strong>digiti</strong></span> <span class='ocrx_word' id='word_1_230' title='bbox 1722 3427 1997 3495; x_wconf 88' lang='lat' dir='ltr'><strong>filiorum</strong></span> <span class='ocrx_word' id='word_1_231' title='bbox 2029 3428 2356 3515; x_wconf 85' lang='lat' dir='ltr'><strong>sepedicti</strong></span> <span class='ocrx_word' id='word_1_232' title='bbox 2390 3430 2661 3516; x_wconf 75' lang='lat' dir='ltr'><strong>Georgij</strong></span> <span class='ocrx_word' id='word_1_233' title='bbox 2696 3449 2811 3516; x_wconf 90' lang='lat' dir='ltr'><strong>per</strong></span> <span class='ocrx_word' id='word_1_234' title='bbox 2841 3449 2986 3514; x_wconf 88' lang='lat' dir='ltr'><strong>pro·</strong></span> 
     </span>
     <span class='ocr_line' id='line_1_30' title="bbox 751 3534 2987 3620; baseline -0.001 -15"><span class='ocrx_word' id='word_1_235' title='bbox 751 3539 975 3605; x_wconf 90' lang='lat' dir='ltr'><strong>borum</strong></span> <span class='ocrx_word' id='word_1_236' title='bbox 1029 3537 1309 3604; x_wconf 87' lang='lat' dir='ltr'><strong>virorum</strong></span> <span class='ocrx_word' id='word_1_237' title='bbox 1360 3534 1705 3601; x_wconf 89' lang='lat' dir='ltr'><strong>arbitrium</strong></span> <span class='ocrx_word' id='word_1_238' title='bbox 1741 3542 1845 3602; x_wconf 91' lang='lat' dir='ltr'><strong>est</strong></span> <span class='ocrx_word' id='word_1_239' title='bbox 1877 3542 2107 3603; x_wconf 88' lang='lat' dir='ltr'><strong>taxata</strong></span> <span class='ocrx_word' id='word_1_240' title='bbox 2127 3587 2144 3620; x_wconf 90' lang='lat'><em>‚</em></span> <span class='ocrx_word' id='word_1_241' title='bbox 2203 3538 2467 3605; x_wconf 87' lang='lat' dir='ltr'><strong>soluere</strong></span> <span class='ocrx_word' id='word_1_242' title='bbox 2499 3543 2861 3605; x_wconf 85' lang='lat' dir='ltr'><strong>teneantur.</strong></span> <span class='ocrx_word' id='word_1_243' title='bbox 2913 3537 2987 3602; x_wconf 90' lang='lat' dir='ltr'><strong>In</strong></span> 
     </span>
     <span class='ocr_line' id='line_1_31' title="bbox 755 3643 2988 3732; baseline 0 -20"><span class='ocrx_word' id='word_1_244' title='bbox 755 3648 938 3715; x_wconf 85' lang='lat' dir='ltr'><strong>cuius</strong></span> <span class='ocrx_word' id='word_1_245' title='bbox 969 3646 1066 3713; x_wconf 90' lang='lat' dir='ltr'><strong>rei</strong></span> <span class='ocrx_word' id='word_1_246' title='bbox 1098 3645 1474 3711; x_wconf 88' lang='lat' dir='ltr'><strong>memoriam</strong></span> <span class='ocrx_word' id='word_1_247' title='bbox 1506 3651 1845 3730; x_wconf 89' lang='lat' dir='ltr'><strong>presentes</strong></span> <span class='ocrx_word' id='word_1_248' title='bbox 1880 3643 2317 3715; x_wconf 88' lang='lat' dir='ltr'><strong>concessimus</strong></span> <span class='ocrx_word' id='word_1_249' title='bbox 2348 3647 2605 3714; x_wconf 86' lang='lat' dir='ltr'><strong>litteras</strong></span> <span class='ocrx_word' id='word_1_250' title='bbox 2639 3646 2843 3732; x_wconf 84' lang='lat' dir='ltr'><strong>sigilli</strong></span> <span class='ocrx_word' id='word_1_251' title='bbox 2877 3667 2988 3713; x_wconf 91' lang='lat' dir='ltr'><strong>no·</strong></span> 
     </span>
     <span class='ocr_line' id='line_1_32' title="bbox 754 3753 2989 3823; baseline -0.001 -1"><span class='ocrx_word' id='word_1_252' title='bbox 754 3755 872 3823; x_wconf 89' lang='lat' dir='ltr'><strong>stri</strong></span> <span class='ocrx_word' id='word_1_253' title='bbox 925 3753 1278 3821; x_wconf 91' lang='lat' dir='ltr'><strong>munimine</strong></span> <span class='ocrx_word' id='word_1_254' title='bbox 1315 3753 1682 3821; x_wconf 83' lang='lat' dir='ltr'><strong>roboratas.</strong></span> <span class='ocrx_word' id='word_1_255' title='bbox 1737 3753 1978 3821; x_wconf 85' lang='lat' dir='ltr'><strong>Datum</strong></span> <span class='ocrx_word' id='word_1_256' title='bbox 2010 3755 2075 3822; x_wconf 91' lang='lat' dir='ltr'><strong>in</strong></span> <span class='ocrx_word' id='word_1_257' title='bbox 2128 3755 2297 3821; x_wconf 86' lang='lat' dir='ltr'><strong>festo</strong></span> <span class='ocrx_word' id='word_1_258' title='bbox 2349 3753 2734 3822; x_wconf 87' lang='lat' dir='ltr'><strong>Natiuitatis</strong></span> <span class='ocrx_word' id='word_1_259' title='bbox 2784 3755 2989 3822; x_wconf 90' lang='lat' dir='ltr'><strong>Beate</strong></span> 
     </span>
     <span class='ocr_line' id='line_1_33' title="bbox 756 3859 2656 3948; baseline -0.002 -17"><span class='ocrx_word' id='word_1_260' title='bbox 756 3862 1041 3948; x_wconf 84' lang='lat' dir='ltr'><strong>Virginis</strong></span> <span class='ocrx_word' id='word_1_261' title='bbox 1075 3862 1372 3930; x_wconf 82' lang='lat' dir='ltr'><strong>Gloriose</strong></span> <span class='ocrx_word' id='word_1_262' title='bbox 1412 3882 1586 3930; x_wconf 88' lang='lat' dir='ltr'><strong>anno</strong></span> <span class='ocrx_word' id='word_1_263' title='bbox 1620 3862 1886 3928; x_wconf 90' lang='lat' dir='ltr'><strong>Domini</strong></span> <span class='ocrx_word' id='word_1_264' title='bbox 1917 3859 2031 3931; x_wconf 90' lang='lat' dir='ltr'><strong>M⁰.</strong></span> <span class='ocrx_word' id='word_1_265' title='bbox 2069 3859 2225 3932; x_wconf 83' lang='lat' dir='ltr'><strong>GG⁰.</strong></span> <span class='ocrx_word' id='word_1_266' title='bbox 2262 3859 2656 3931; x_wconf 83' lang='lat' dir='ltr'><strong>LXXXX10.</strong></span> 
     </span>
    </p>
   </div>
   <div class='ocr_carea' id='block_1_4' title="bbox 756 4055 2990 4223">
    <p class='ocr_par' dir='ltr' id='par_1_4' title="bbox 756 4055 2990 4223">
     <span class='ocr_line' id='line_1_34' title="bbox 756 4055 2988 4133; baseline 0 -20"><span class='ocrx_word' id='word_1_267' title='bbox 756 4055 1021 4130; x_wconf 71' lang='lat' dir='ltr'><strong>(Hartya.</strong></span> <span class='ocrx_word' id='word_1_268' title='bbox 1070 4056 1124 4112; x_wconf 80' lang='lat' dir='ltr'>A</span> <span class='ocrx_word' id='word_1_269' title='bbox 1147 4055 1378 4128; x_wconf 73' lang='lat' dir='ltr'><strong>pecset,</strong></span> <span class='ocrx_word' id='word_1_270' title='bbox 1422 4057 1572 4129; x_wconf 86' lang='lat' dir='ltr'><strong>mely</strong></span> <span class='ocrx_word' id='word_1_271' title='bbox 1596 4056 2068 4130; x_wconf 73' lang='lat' dir='ltr'><strong>hartyaszeleten</strong></span> <span class='ocrx_word' id='word_1_272' title='bbox 2112 4058 2379 4133; x_wconf 73' lang='lat' dir='ltr'><strong>fiiggiitt‚</strong></span> <span class='ocrx_word' id='word_1_273' title='bbox 2426 4059 2592 4115; x_wconf 87' lang='grc'><strong>1111108</strong></span> <span class='ocrx_word' id='word_1_274' title='bbox 2621 4076 2750 4133; x_wconf 83' lang='lat' dir='ltr'><strong>meg</strong></span> <span class='ocrx_word' id='word_1_275' title='bbox 2787 4056 2988 4115; x_wconf 70' lang='lat' dir='ltr'><strong>tobbe.</strong></span> 
     </span>
     <span class='ocr_line' id='line_1_35' title="bbox 758 4146 2990 4223; baseline -0.001 -16"><span class='ocrx_word' id='word_1_276' title='bbox 758 4146 1327 4221; x_wconf 68' lang='lat' dir='ltr'><strong>Pozsonykaptalani</strong></span> <span class='ocrx_word' id='word_1_277' title='bbox 1367 4146 1638 4220; x_wconf 70' lang='lat' dir='ltr'><strong>orszagos</strong></span> <span class='ocrx_word' id='word_1_278' title='bbox 1682 4146 1945 4207; x_wconf 70' lang='lat' dir='ltr'><strong>leveltar.</strong></span> <span class='ocrx_word' id='word_1_279' title='bbox 1993 4148 2187 4223; x_wconf 82' lang='lat' dir='ltr'><strong>Capsa</strong></span> <span class='ocrx_word' id='word_1_280' title='bbox 2228 4150 2382 4207; x_wconf 89' lang='lat' dir='ltr'>XIV.</span> <span class='ocrx_word' id='word_1_281' title='bbox 2420 4154 2586 4208; x_wconf 80' lang='lat' dir='ltr'><strong>Fasc.</strong></span> <span class='ocrx_word' id='word_1_282' title='bbox 2633 4152 2717 4209; x_wconf 92' lang='grc'><strong>10.</strong></span> <span class='ocrx_word' id='word_1_283' title='bbox 2757 4151 2876 4207; x_wconf 86' lang='lat' dir='ltr'><strong>Nro</strong></span> <span class='ocrx_word' id='word_1_284' title='bbox 2902 4150 2990 4209; x_wconf 87' lang='lat'><strong>30.</strong></span> 
     </span>
    </p>
   </div>
   <div class='ocr_carea' id='block_1_5' title="bbox 1777 4234 1999 4307">
    <p class='ocr_par' dir='ltr' id='par_1_5' title="bbox 1777 4234 1999 4307">
     <span class='ocr_line' id='line_1_36' title="bbox 1777 4234 1999 4307; baseline -0.005 -15"><span class='ocrx_word' id='word_1_285' title='bbox 1777 4234 1999 4307; x_wconf 77' lang='lat' dir='ltr'><strong>Knauz.)</strong></span> 
     </span>
    </p>
   </div>
   <div class='ocr_carea' id='block_1_6' title="bbox 1620 4500 2135 4514">
    <p class='ocr_par' dir='ltr' id='par_1_6' title="bbox 1620 4500 2135 4514">
     <span class='ocr_line' id='line_1_37' title="bbox 1620 4500 2135 4514; baseline 0 -2"><span class='ocrx_word' id='word_1_286' title='bbox 1620 4500 1814 4513; x_wconf 38' lang='lat' dir='ltr'><strong>mr</strong></span> <span class='ocrx_word' id='word_1_287' title='bbox 1829 4504 1850 4508; x_wconf 38' lang='grc' dir='ltr'><em>ν</em></span> <span class='ocrx_word' id='word_1_288' title='bbox 1869 4503 2135 4514; x_wconf 46' lang='grc' dir='ltr'><strong>ιε’-*-η-</strong></span> 
     </span>
    </p>
   </div>
  </div>
 </body>
</html>
