3416 5313
1509 400 1552 465 5

1378 498 1423 505 .—

422 602 836 676 habentibus‚
869 616 1098 664 munus
1130 595 1640 665 consecrationis
1681 597 2048 682 impendaS,
2087 606 2466 683 recepturus
2487 610 2663 686 post-

428 711 685 775 modum
720 708 804 772 ab
839 707 1069 773 eodem
1122 713 1349 773 nostro
1383 713 1445 769 et
1480 705 1781 772 Ecclesie
1831 707 2123 775 Romane
2175 708 2433 775 nomine
2464 709 2662 776 fideli-

413 818 569 887 tatis
599 817 788 884 solite
811 817 1242 881 iuramentum
1278 815 1397 880 sub
1432 814 1662 895 forma,
1702 833 1901 897 quam
1940 815 2056 884 tibi
2082 816 2201 883 sub
2233 817 2414 883 bulla
2433 823 2660 886 nostra

413 927 756 1012 dirigimus
791 926 1136 1007 inclusam,
1171 923 1426 1007 sibique
1459 922 1670 990 facias
1704 944 1822 1008 per
1860 932 1926 989 te
1947 974 1964 1006 ,
2005 925 2107 991 vel
2141 945 2257 1009 per
2289 926 2508 1010 alium,
2544 945 2659 994 seu

411 1036 577 1101 alios
610 1057 652 1101 a
683 1035 819 1099 suis
851 1033 1131 1101 subditis
1166 1031 1450 1101 debitam
1505 1031 1959 1100 obedientiam
1992 1042 2057 1101 et
2089 1037 2523 1103 reverentiam
2556 1056 2666 1102 ex-

409 1141 639 1211 hiberi.
675 1142 1207 1211 contradictores
1243 1147 1363 1206 etc.
1398 1139 1638 1206 Forma
1676 1161 1835 1207 vero
1869 1140 2255 1223 iuramenti,
2301 1145 2479 1226 quod
2513 1145 2658 1229 ipse

407 1252 767 1339 prestabit,
820 1251 1009 1318 nobis
1043 1270 1160 1334 per
1190 1255 1340 1317 tuas
1374 1255 1439 1313 et
1472 1248 1612 1314 eius
1647 1258 1956 1333 patentes
2005 1251 2262 1319 litteras
2293 1272 2410 1319 suo
2443 1254 2659 1340 sigillo

410 1363 707 1450 signatas
739 1378 860 1442 per
893 1358 1226 1442 proprium
1278 1357 1572 1424 nuntium
1608 1364 1855 1439 quanto
1869 1358 1998 1425 tius
2049 1359 2381 1428 destinare
2427 1382 2657 1446 procu-

408 1489 536 1538 res.
584 1471 732 1535 Non
767 1467 1114 1547 obstante,
1166 1465 1224 1531 si
1256 1465 1587 1548 aliquibus
1621 1486 1662 1529 a
1695 1465 1873 1532 Sede
1907 1466 2300 1550 Apostolica
2331 1470 2418 1536 ‘sit
2447 1469 2658 1538 indul-

404 1588 558 1661 tum,
610 1577 782 1660 quod
814 1573 1150 1660 interdici,
1205 1574 1552 1661 suspendi,
1605 1575 1712 1640 vel
1749 1577 2304 1643 excommunicari
2349 1599 2478 1646 non
2512 1600 2656 1664 pos-

408 1688 541 1755 sint
572 1706 693 1772 per
722 1684 979 1750 litteras
1012 1682 1187 1750 dicte
1223 1682 1416 1751 Sedis
1449 1703 1581 1748 non
1614 1682 1941 1750 facientes
1993 1685 2260 1766 plenam
2297 1692 2360 1750 et
2396 1707 2659 1772 expres-

409 1816 569 1875 sam,
605 1815 684 1862 ac
716 1795 793 1857 de
844 1793 1046 1861 verbo
1099 1791 1184 1860 ad
1232 1792 1498 1858 verbum
1542 1790 1625 1858 de
1657 1789 1911 1858 indulto
1961 1790 2335 1858 huiusmodi
2384 1798 2656 1865 mentio·

406 1927 580 1973 nem.
615 1906 863 1973 Datum
897 1904 1076 1987 apud
1106 1902 1676 1971 Urbem-Veterem
1730 1901 2045 1969 kalendis
2094 1900 2371 1983 Augusti
2411 1899 2657 1987 (Ponti-

415 2014 646 2082 ficatus
679 2009 917 2097 nostri)
953 2031 1125 2077 anno
1158 2013 1369 2077 tertio.

620 2140 861 2210 Forma
891 2141 1237 2206 iuramenti
1271 2166 1286 2206 ε
1336 2140 1477 2227 Ego
1511 2188 1526 2204 .
1564 2188 1579 2202 .
1618 2193 1632 2206 .
1667 2141 1754 2207 ab
1790 2141 1918 2204 hac
1967 2138 2133 2209 hora
2171 2140 2438 2209 inantea
2481 2140 2654 2208 fide-

404 2252 485 2318 lis
536 2258 601 2315 et
666 2249 982 2316 obediens
1020 2268 1129 2316 ero
1181 2250 1390 2314 Beato
1442 2249 1634 2314 Petro
1672 2250 2069 2333 Sancteque
2102 2246 2482 2332 Apostolice
2532 2250 2655 2320 Ro·

409 2379 600 2427 mane
633 2358 948 2440 Ecclesie,
985 2364 1053 2426 et
1084 2356 1345 2425 domino
1367 2378 1512 2425 meo
1534 2350 2061 2442 Pape'Nicolao‚
2098 2358 2366 2441 suisque
2398 2375 2654 2426 sncces-

408 2468 663 2536 soribus
699 2468 1017 2535 canonice
1069 2467 1465 2534 intrantibus
1500 2471 1621 2535 etc.
1655 2473 1729 2533 ut
1760 2465 1826 2533 in
1861 2465 2080 2534 forma
2131 2486 2338 2551 usque
2383 2470 2656 2555 Aposto-

403 2577 608 2644 lorum
643 2576 870 2645 limina
901 2576 1181 2662 singulis
1213 2575 1496 2643 bienniis
1531 2576 1821 2644 visitabo
1862 2579 1979 2641 etc.
2014 2592 2220 2658 usque
2252 2576 2319 2644 in
2351 2577 2566 2649 finem.

410 2796 531 2870 (IV.
559 2797 770 2853 Miklos
795 2794 951 2868 papa
977 2795 1371 2870 Regestaibol,
1401 2796 1676 2862 Theiner,
1718 2795 1938 2852 Vetera
1962 2797 2338 2853 Monumenta
2363 2796 2657 2854 Histoi-ica.

609 2889 971 2960 Hungariam
1002 2889 1237 2946 Sacram
1262 2887 1617 2945 illustrantia
1638 2888 1685 2943 1.
1711 2888 1834 2942 kot.
1859 2886 2046 2943 Roma
2074 2887 2231 2943 1859.
2256 2886 2380 2946 366.
2407 2887 2469 2960 l.)
