3416 5313
1451 369 1572 434 151

1456 1031 1568 1100 ⁹¹2.

369 1230 469 1297 ΑΖ
499 1230 740 1318 erdelyi
765 1230 1075 1317 kdptalan
1124 1230 1649 1321 bizonysdqlevele
1668 1284 1687 1319 ‚
1741 1231 1906 1319 koqy
1938 1229 2285 1297 Palathkai
2316 1233 2528 1298 ιῙάηοει
2559 1237 2622 1300 6⁸

370 1342 644 1431 G‘cryely
674 1340 1124 1407 Palathkciban
1156 1346 1219 1407 6⁸
1246 1344 1495 1430 ne'hdny
1529 1344 1667 1408 mds
1699 1342 2059 1429 helysdqbcn
2082 1342 2218 1408 le'vb'
2240 1342 2620 1409 birtokdnak

705 1446 1042 1534 felerdszc't
1072 1450 1326 1539 Gyoyyi
1355 1451 1729 1517 Mikldsnak
1760 1450 2036 1517 eladtdk.
2075 1451 2269 1552 1296.

599 1650 734 1719 Nos
786 1647 1169 1735 Capitulum
1221 1649 1520 1719 Ecclesie
1571 1649 1766 1718 Beati
1817 1646 2164 1717 Michaelis
2214 1647 2619 1734 Archangeli

361 1759 832 1829 Transilvanie
880 1758 1294 1847 presencium
1341 1779 1463 1846 per
1514 1764 1811 1827 tenorem
1864 1755 2314 1844 significamus
2378 1759 2612 1841 quibus

361 1868 639 1958 expedit
667 1868 991 1937 universis
1013 1921 1031 1956 ‚
1086 1866 1259 1952 quod
1310 1868 1615 1937 Johanne
1667 1876 1735 1936 et
1776 1867 2097 1953 Gregorio
2147 1868 2304 1936 filiis
2338 1869 2613 1937 Iwanka

358 1979 445 2047 de
478 1977 806 2046 Palathka
842 1997 927 2045 ex
975 1996 1109 2045 una
1138 1982 1371 2063 parte,
1424 1997 1508 2045 ac
1543 1976 1798 2044 Comite
1833 1976 2112 2043 Nicolao
2165 1977 2303 2045 filio
2351 1975 2612 2044 Andree

352 2087 441 2155 de
472 2086 668 2175 Gyog
701 2107 785 2154 ex
819 2086 1033 2154 altera
1053 2136 1073 2171 ‚
1108 2104 1335 2153 coram
1366 2085 1557 2153 nobis
1593 2084 1969 2154 constitutis
1991 2134 2008 2167 ‚
2043 2083 2217 2152 idem
2250 2083 2608 2167 Johannes,

352 2202 423 2264 et
472 2194 829 2279 Gregorius
881 2193 1177 2262 confessi
1228 2201 1377 2260 sunt
1428 2219 1446 2262 z
1499 2192 1926 2261 medietatem
1998 2192 2444 2279 possessionis
2493 2213 2613 2261 sue

350 2304 687 2374 Palathka
719 2310 958 2371 vocate
980 2352 997 2385 ‚
1052 2309 1121 2371 et
1151 2301 1435 2370 aliarum
1470 2309 1754 2387 quatuor
1804 2320 2109 2369 arearum
2155 2302 2607 2391 Mykoteluke‚

351 2412 1002 2498 Thehuenusteluke‚
1036 2418 1101 2479 et
1130 2412 1363 2496 Legun
1397 2419 1799 2495 vocatarum,
1835 2411 2031 2481 simul
2066 2430 2212 2478 cum
2251 2408 2608 2478 medietate

351 2525 543 2610 sylue
565 2523 802 2591 Hintus
836 2526 1094 2601 vocate,
1128 2520 1195 2587 in
1228 2542 1356 2587 uno
1391 2522 1643 2590 ambitu
1670 2523 1793 2592 sub
1828 2521 2028 2588 certis
2067 2519 2293 2590 mertis
2327 2521 2609 2590 inclusa·-

349 2653 516 2719 rum,
548 2651 721 2699 nunc
752 2630 1137 2700 habitatore
1172 2633 1580 2716 narencium,
1631 2630 2011 2701 vendidisse
2062 2631 2195 2719 ipsi
2228 2631 2468 2701 Comiti
2496 2632 2608 2702 Ni-

348 2742 559 2828 cola0,
596 2747 661 2808 et
690 2760 812 2827 per
841 2760 987 2808 eum
1021 2740 1162 2809 suis
1196 2741 1589 2823 heredibus,
1642 2740 2094 2827 heredumque
2145 2762 2409 2809 suorum
2463 2761 2607 2812 suc-

347 2850 720 2920 cessoribus
771 2862 1090 2937 perpetuo
1146 2860 1211 2919 et
1263 2852 1791 2920 irrevocabiliter
1837 2851 2316 2939 possidendam
2376 2859 2439 2920 et
2488 2852 2602 2921 ha-

345 2961 656 3043 bendam,
691 2979 810 3044 pro
841 2961 1268 3048 septuaginta
1302 2961 1544 3030 marcis
1578 2961 2023 3046 denariorum,
2073 2964 2140 3028 in
2175 2962 2604 3030 estimacione

354 3068 665 3138 denarios
695 3068 950 3137 valenti
981 3071 1175 3154 plene
1211 3076 1440 3156 recept
1460 3104 1548 3116 -—-
1578 3107 1668 3120 -
1702 3079 1775 3137 et
1802 3070 2050 3139 habitis
2084 3090 2126 3136 a
2147 3068 2426 3136 Nicolao
2458 3089 2602 3157 pre-

345 3176 484 3244 fato
515 3195 635 3261 per
667 3175 955 3244 eosdem.
1007 3176 1091 3243 Et
1122 3182 1194 3243 ut
1223 3177 1603 3264 hujusmodi
1658 3178 1914 3262 empcio
1948 3184 2013 3245 et
2067 3176 2372 3244 vendicio
2406 3182 2603 3249 robur

349 3287 647 3354 obtineat
678 3292 995 3373 perpetue
1028 3287 1372 3372 firmitatis,
1396 3288 1485 3355 ad
1505 3287 1911 3355 instanciam
1953 3293 2017 3353 ct
2048 3287 2443 3373 peticionem
2484 3309 2603 3374 per

352 3415 497 3463 eum
531 3399 873 3483 presentes
929 3396 1375 3484 concessimus
1409 3396 1668 3463 litteras
1694 3447 1711 3479 ,
1765 3394 1970 3481 sigilli
2001 3396 2206 3467 nostri
2246 3397 2596 3464 munimine

355 3505 721 3572 roboratas.
773 3503 1022 3572 Datum
1054 3505 1391 3574 Sabbatho
1435 3505 1738 3593 proximo
1780 3515 1934 3573 ante
1969 3503 2329 3589 quindenas
2362 3507 2596 3574 Resur-

361 3613 685 3684 receionis
717 3612 997 3690 Domini,
1029 3634 1202 3681 anno
1236 3615 1498 3683 Domini
1532 3617 1616 3682 Μ.
1653 3614 1780 3684 OG.
1815 3614 2240 3702 nonagesimo
2276 3624 2485 3684 sexto.

338 3810 625 3882 (Teutsch
652 3807 718 3867 es
741 3808 1065 3870 Firnbaber
1105 3809 1483 3868 Urkundenb.
1523 3828 1574 3867 z.
1602 3809 1812 3869 Gesch.
1854 3809 2120 3871 Siebenb.
2145 3811 2189 3868 Ι.
2216 3812 2335 3868 ket„
2377 3812 2502 3872 193.
2529 3811 2594 3885 1.)
