3416 5313
1294 359 1590 468 „212-

336 556 418 622 tis
450 553 715 620 Martini
768 548 1207 622 Vice-Judicis
1242 557 1437 625 curie
1472 562 1730 641 nostre,
1786 575 1983 643 super
2022 560 2308 642 quadam
2359 560 2559 645 parti-

336 666 484 733 cula
517 673 685 731 terre
706 717 723 750 ,
759 664 930 730 intra
960 664 1171 733 Beren
1204 665 1549 733 existentis
1583 667 1944 734 confectum
1968 717 1985 750 ,
2033 675 2265 753 petens
2300 689 2341 735 a
2373 669 2564 737 nobis

332 793 473 840 cum
507 771 872 858 instancia,
922 778 993 839 ut
1023 793 1144 840 nos
1197 774 1406 858 ipsum
1464 774 1880 860 privilegium
1930 779 2145 841 ratum
2198 775 2467 861 habere,
2499 782 2568 843 et

334 888 560 952 nostro
595 883 1015 967 dignaremur
1060 881 1407 969 privilegio
1440 868 1846 950 confirmare.
1905 882 2104 969 Cujus
2138 882 2400 970 quidem
2436 886 2564 972 pri-

333 991 563 1079 vilegij
598 999 784 1058 tenor
817 988 970 1057 talis
1004 995 1105 1055 est
1138 1014 1152 1053 ε

548 1101 686 1167 NOS
722 1096 955 1165 Comes
986 1098 1308 1166 Marlinus
1341 1101 1464 1165 stb.
1517 1103 1682 1175 (mint
1713 1106 1945 1163 fentebb
1983 1108 2080 1163 69.
2117 1127 2191 1162 sz.
2227 1107 2300 1177 a.)

548 1207 684 1272 Nos
721 1208 950 1288 itaque
1002 1204 1207 1291 ipsius
1255 1206 1618 1275 Andronici
1649 1205 1984 1294 Prepositi
2033 1203 2569 1294 wesprimiensis

327 1315 527 1402 justis
559 1314 994 1402 peticionibus
1016 1314 1464 1383 favorabiliter
1498 1316 1816 1400 inclinati,
1851 1317 2012 1405 quia
2033 1317 2439 1400 inspeximus
2473 1316 2569 1383 di-

336 1408 507 1493 ctum
541 1424 955 1510 privilegium
991 1422 1266 1490 Comitis
1299 1422 1565 1491 Martini
1600 1444 1732 1490 non
1764 1424 2071 1491 abrasum
2091 1473 2110 1506 ‚
2156 1446 2288 1492 non
2322 1424 2572 1492 cancel-

334 1533 559 1618 latum,
594 1553 725 1600 non
758 1532 1071 1599 abolitum
1092 1582 1111 1616 ,
1147 1550 1270 1598 nec
1303 1531 1369 1595 in
1405 1531 1629 1613 aliqua
1660 1533 1763 1597 sui
1799 1541 1983 1610 parte
2020 1532 2355 1616 viciatum,
2390 1540 2571 1601 teno-

333 1662 470 1716 rem
521 1641 814 1726 ejusdem
850 1639 937 1706 de
973 1639 1171 1707 verbo
1206 1639 1297 1707 ad
1329 1639 1598 1707 verbum
1632 1640 2053 1725 presentibus
2085 1641 2289 1709 inseri
2321 1641 2570 1710 facien·

333 1760 454 1837 tes,
488 1752 703 1836 ipsum
734 1747 1152 1832 privilegium
1199 1756 1410 1814 ratum
1445 1745 1765 1817 habentes
1817 1757 1881 1815 et
1922 1756 2299 1835 acceptum,
2339 1751 2568 1819 autho-

335 1862 529 1927 ritate
562 1858 976 1944 presencium
1026 1859 1482 1925 confirmamus
1517 1857 1798 1944 duplicis
1849 1856 2053 1943 sigilli
2102 1855 2313 1925 nostri
2367 1857 2568 1922 muni-

332 1969 504 2034 mine
535 1964 919 2031 roborando.
970 1966 1213 2032 Datum
1248 1985 1365 2050 per
1399 1985 1630 2035 manus
1669 1966 2067 2034 venerabilis
2112 1965 2237 2030 viri
2277 1964 2576 2049 magistri

334 2074 666 2143 Theodori
714 2072 1036 2160 Prepositi
1084 2071 1398 2142 Albensis
1466 2074 1616 2142 aule
1678 2080 1893 2141 nostre
1963 2070 2572 2157 vice-Cancellarij,

335 2186 541 2254 Electi
573 2184 871 2251 Ecclesie
903 2182 1276 2251 Jauriensis
1296 2234 1313 2266 ‚
1366 2182 1587 2250 dilecti
1620 2192 1686 2252 et
1717 2181 1926 2251 fidelis
1958 2183 2205 2267 nostri,
2239 2201 2415 2248 anno
2440 2179 2572 2247 Do-

330 2295 487 2362 mini
518 2293 618 2359 Μο
643 2291 784 2359 00⁰
802 2290 1231 2375 nonagesimo
1254 2290 1509 2377 quinto,
1544 2296 1782 2372 quarto
1802 2290 2128 2357 kalendas
2150 2287 2333 2373 Maij,
2367 2287 2577 2374 Regni

332 2408 552 2470 autem
581 2399 787 2467 nostri
831 2419 1005 2465 anno
1041 2395 1284 2479 quinto.

715 2592 1005 2659 (Eredetie
1033 2612 1069 2650 a
1094 2592 1411 2667 veszpremi
1439 2592 1722 2669 kaptalan
1746 2590 2194 2665 leveltdrdban.)
