3416 5313
1335 475 1645 573 20³-

231 706 238 709 ²
352 676 567 762 quiete
586 668 1078 764 possidendam,
1111 669 1458 740 tenendam
1492 676 1560 738 et
1577 670 1974 739 habendam.
2009 670 2064 736 E
2086 690 2397 740 conuerso
2430 692 2579 740 vero

347 785 495 872 ipse
524 782 844 871 Magister
874 781 1287 868 Dominicus‚
1321 781 1577 868 prefato
1612 782 1954 867 Stephano
1975 782 2109 850 filio
2143 784 2184 852 J
2190 784 2295 852 ule
2317 803 2473 871 poss
2485 803 2587 851 es-

346 895 569 963 siones
601 891 1287 976 Hahothmunustura‚
1323 891 1513 958 simul
1548 910 1690 957 cum
1738 891 2266 977 possessionibus
2314 895 2572 976 Eudae,

347 999 615 1071 Arkusd
633 1049 651 1083 ‚
687 1007 754 1067 et
785 1001 978 1090 Syles
1012 1004 1321 1087 vocatas,
1358 1019 1495 1068 eum
1528 1000 1823 1066 omnibus
1861 999 2251 1069 utilitatibus
2287 1008 2352 1067 et
2383 1001 2575 1088 perti-

346 1109 602 1195 nencijs
635 1109 769 1175 suis
815 1108 1145 1175 uniuersis
1199 1109 1267 1174 in
1300 1105 1625 1175 comitatu
1676 1109 1762 1177 de
1802 1106 2062 1177 Zoboch
2090 1109 2586 1195 'existentibu83

348 1217 508 1283 item
555 1217 1046 1300 possessionem
1081 1215 1304 1300 Chege
1353 1221 1659 1285 vocatam
1707 1219 1775 1282 in
1809 1217 2041 1285 eodem
2092 1216 2418 1286 Comitatu
2452 1218 2569 1285 Zo-

350 1323 521 1391 boch
554 1343 700 1392 cum
729 1324 1013 1410 tributo,
1065 1328 1231 1407 quod
1263 1325 1330 1392 in
1382 1321 1613 1393 eadem
1663 1325 2083 1410 possessione
2136 1324 2356 1412 Ohege
2406 1326 2581 1411 exigi

353 1432 713 1513 consueuit,
748 1431 940 1498 simul
976 1452 1123 1500 cum
1158 1431 1539 1516 attinencijs
1574 1439 1638 1497 et
1671 1432 2103 1515 vtilitatibus3
2132 1435 2286 1500 item
2319 1448 2580 1517 posses·

352 1540 607 1605 sionem
638 1540 1077 1622 Buchtefulde
1109 1546 1414 1607 vocatam
1449 1540 1516 1605 in
1539 1541 1870 1635 Comitatu
1902 1538 1987 1606 de
2015 1541 2285 1609 Thurna
2307 1541 2590 1609 existen·

355 1655 527 1729 tem,
579 1648 773 1715 simul
805 1668 950 1714 cum
987 1648 1286 1716 omnibus
1339 1648 1728 1716 Vtilitatibus
1763 1655 1830 1714 et
1863 1648 2286 1734 pertinencijs
2321 1647 2409 1715 ad
2442 1666 2595 1716 eas-

356 1754 508 1821 dem
538 1752 1072 1842 (spectantibus),
1121 1755 1411 1824 dedisset
1444 1762 1511 1821 et
1540 1753 1921 1823 tradidisset
1953 1760 2270 1840 perpetuo
2290 1759 2441 1843 jure
2476 1758 2586 1823 do-

355 1861 541 1949 minij
578 1863 754 1931 dicto
785 1863 1122 1950 Stephano
1174 1862 1309 1930 filio
1342 1862 1383 1930 J
1390 1862 1493 1929 ule
1524 1868 1589 1929 et
1622 1847 1759 1929 suis
1808 1862 2156 1930 heredibus
2181 1914 2196 1945 ‚
2248 1864 2587 1931 heredum-

360 1991 488 2056 que
520 1991 776 2039 suorum
809 1970 1301 2039 successoribus
1335 1970 1780 2055 possidendas
1801 2020 1819 2052 ‚
1870 1970 2210 2037 habendas
2246 1973 2492 2054 pariter
2525 1976 2591 2037 et

357 2080 715 2163 tenendas3
772 2079 1143 2163 obligantes
1198 2096 1271 2145 66
1303 2084 1437 2144 tam
1489 2078 1788 2163 prefatus
1819 2077 2136 2164 Magister
2183 2078 2589 2164 Dominicus,

359 2206 553 2271 quam
590 2187 961 2273 Stephanus
1010 2186 1185 2252 filius
1217 2189 1258 2254 J
1265 2189 1404 2273 ule,
1459 2185 1630 2270 quod
1667 2205 1824 2253 unus
1878 2189 2157 2252 alterum
2204 2187 2348 2253 vice
2375 2196 2592 2255 mutua

358 2300 444 2365 ab
477 2294 654 2363 omni
687 2296 1107 2382 impeticione
1143 2300 1208 2360 et
1259 2294 1530 2364 accione
1566 2303 1796 2360 contra
1845 2297 2216 2380 quempiam
2267 2296 2373 2362 vel
2404 2290 2588 2378 quos-

355 2405 518 2471 libet
551 2403 861 2487 expedire
917 2409 1218 2470 teneatur
1269 2402 1550 2488 propriis
1597 2403 1940 2469 laboribus
1992 2410 2056 2468 et
2087 2405 2439 2491 expensis;
2493 2424 2601 2470 ca-

353 2516 590 2576 ventes
625 2518 852 2594 partes
887 2509 969 2577 de
1004 2510 1273 2576 traditis
1330 2516 1395 2575 et
1427 2511 1820 2595 permutatis
1870 2510 1956 2574 ad
2009 2512 2289 2578 invicem
2342 2524 2629 2595 posses·'

358 2614 654 2687 sionibus
685 2620 1001 2703 predictis
1036 2619 1119 2687 de
1157 2617 1491 2687 cviccione
1524 2618 1909 2704 particulari
1945 2625 2008 2683 et
2041 2619 2336 2703 generali
2370 2618 2456 2685 ad
2489 2620 2600 2685 in-

355 2728 565 2792 vicem
600 2745 672 2790 se
705 2727 896 2794 tueri.
934 2728 1262 2794 Asserens
1297 2727 1670 2811 Stephanus
1695 2727 1841 2810 jam
1877 2725 2210 2812 prefatus,
2245 2728 2416 2809 quod
2446 2728 2605 2794 licet

362 2834 794 2900 donacionem
868 2835 1392 2901 condicionalem
1447 2834 1776 2919 Episcopo
1829 2841 1895 2900 et
1942 2835 2242 2902 Ecclesie
2293 2836 2601 2920 Agriensi

360 2941 588 3007 fecerit
619 2941 761 3007 sine
795 2960 1120 3008 consensu
1154 2948 1219 3007 et
1251 2941 1678 3010 conninencia
1715 2942 2172 3026 generacionis
2212 2961 2329 3009 sue
2362 2948 2425 3007 et
2460 2963 2601 3028 pro-

335 3046 788 3134 .pinguorum,
841 3057 1031 3136 prout
1067 3058 1132 3117 61
1182 3048 1520 3135 predictus
1573 3050 1888 3116 Martinus
1940 3056 2006 3117 et
2060 3048 2434 3117 Demetrius
2484 3051 2603 3116 filii

356 3155 616 3222 Nicolai
669 3155 799 3241 ipsi
849 3157 1208 3224 donacioni
1241 3158 1575 3245 Episcopo
1628 3162 1694 3222 et
1725 3157 2021 3225 Ecclesie
2067 3159 2376 3243 Agriensi
2425 3159 2604 3225 facte

358 3263 736 3330 nullatenus
788 3286 1176 3333 consensum
1234 3274 1299 3333 et
1349 3285 1692 3334 assensum
1755 3285 1825 3332 se
1876 3267 2180 3334 dixerunt
2243 3265 2603 3351 prebuisse.

358 3368 515 3436 Ideo
563 3379 835 3457 propter
885 3374 1301 3442 condiciones
1358 3358 1936 3459 etpromissiones
1987 3396 2102 3460 per
2153 3363 2599 3440 venerabilem

360 3484 617 3560 patrem
652 3480 1043 3567 Episcopum
1100 3491 1164 3546 et
1199 3481 1569 3546 Ecclesiam
1622 3501 1809 3546 suam
1859 3483 2251 3562 Agriensem
2302 3503 2434 3548 non
2469 3502 2604 3549 ser·

358 3592 591 3668 natas,
663 3588 1160 3674 ingratitudinis
1212 3591 1387 3657 vicio
1441 3588 1848 3673 subsequuto
1901 3592 2111 3674 ipsam
2172 3591 2607 3657 donacionem

360 3701 493 3761 tam
529 3695 909 3779 sepedictus
945 3699 1321 3786 Stephanus
1360 3699 1530 3764 filius
1562 3698 1713 3764 Jule
1732 3747 1748 3779 ‚
1803 3718 1996 3781 quam
2029 3699 2345 3767 Martinus
2374 3706 2443 3788 et
2479 3698 2606 3765 De-

362 3803 631 3869 metrius
663 3801 781 3887 filij
817 3802 1087 3870 Nicolai
1138 3805 1455 3873 antedicti
1509 3806 1772 3891 penitus
1822 3814 2250 3888 reuocarunt,
2306 3807 2607 3874 nolentes

359 3910 654 3996 presenti
689 3913 1054 3978 contractui
1108 3914 1452 3980 contraire
1510 3915 1752 3978 Datum
1785 3914 1969 3979 Bude
2020 3920 2250 3997 quarto
2292 3914 2400 3980 die
2426 3914 2609 3997 qnin-

359 4017 696 4085 denarum
729 4018 1219 4095 Purificacionis
1270 4023 1478 4089 Beate
1511 4021 1798 4104 Virginis
1833 4007 2004 4089 6660
2040 4021 2304 4087 Domini
2341 4023 2442 4087 Μο
2468 4021 2607 4088 00⁰

358 4127 785 4212 nonagesimo
829 4127 1025 4195 nono.

362 4336 685 4410 (Kazinczy
711 4335 910 4395 Gabor
953 4340 1329 4415 kozlemenye
1359 4360 1394 4399 6
1420 4362 1504 4415 gr.
1530 4340 1662 4414 Vay
1710 4339 1909 4397 csalad
1928 4334 2343 4397 'leveltardboL
2388 4318 2463 4409 (ij
2492 4339 2611 4395 Ma-

936 4450 1084 4502 gyar
1108 4431 1373 4489 Muzeum
1401 4432 1557 4488 1856.
1584 4431 1628 4486 Ι.
1655 4432 1776 4487 1ιό1.
1803 4428 1927 4485 438.
1953 4427 2015 4499 1.)

1240 4719 1750 4730 --——-———-—-———--——-—-
