3416 5313
1878 378 2006 445 106

812 569 1131 654 Ladizlai,
1167 578 1235 638 et
1265 592 1382 658 per
1415 579 1674 658 pratum
1705 575 1774 641 in
1825 572 2057 640 eadem
2095 572 2441 642 latitudine
2482 576 2666 644 venit
2719 575 2808 641 ad
2841 575 3050 643 locum

810 682 1006 747 turris
1040 689 1508 763 memoratum3
1561 686 1628 746 et
1666 679 1792 748 hoc
1823 679 2070 746 ambitu
2107 701 2224 750 seu
2256 681 2502 748 circulo
2552 682 2811 767 prefata
2846 684 3056 769 parti-

811 788 959 855 cula
993 795 1164 854 terre
1188 789 1592 856 terminatur.
1644 792 1721 855 In
1753 789 1937 855 cuius
1969 790 2066 857 rei
2119 791 2495 856 memoriam
2560 788 3061 875 firmitatemque

807 901 1191 982 perpetuam
1242 902 1589 982 presentes
1644 896 2092 964 concessimus
2126 898 2376 964 litteras
2399 947 2416 977 ,
2450 898 2821 965 munimine
2853 899 3062 965 nostri

803 1005 1008 1090 sigilli
1059 1006 1433 1086 insignitas.
1490 1006 1731 1071 Datum
1786 1026 1959 1075 anno
1992 1008 2257 1074 Domini
2309 1008 2408 1074 Μο
2440 1006 2581 1075 00⁰
2624 1008 3054 1091 nonagesimo

806 1118 1056 1194 quarto.

805 1305 1100 1377 (Eredetie
1128 1307 1376 1378 hartyan
1399 1351 1413 1378 ‚
1441 1309 1681 1378 melyro'l
1708 1306 1919 1364 Laszlo
1947 1314 2158 1364 mester
2185 1308 2417 1379 pecsete
2447 1309 2754 1366 zoldvoros
2782 1310 3056 1381 zsinegen

805 1397 963 1470 fiigg.
989 1396 1311 1455 Talaltatik
1340 1419 1374 1456 a
1403 1398 1795 1470 saros—pataki
1816 1397 2065 1454 f6iskola
2090 1397 2540 1471 konyvtaranak
2569 1398 2854 1454 keziratai
2878 1399 3061 1469 ko‘zt.)

1875 2248 1994 2312 69.

803 2446 1067 2509 Mdv-ton
1121 2444 1278 2530 9r6f
1319 2446 1752 2534 alorsqubird
1796 2470 1838 2510 a
1886 2446 2225 2532 veszpremi
2268 2444 2706 2531 kdptalannak
2763 2445 3056 2532 bizonyos

1298 2556 1719 2640 naqybere'nyi
1749 2556 2014 2619 birtokot
2045 2554 2168 2618 oda
2200 2552 2327 2618 itdl.
2363 2555 2556 2619 1294.

1020 2755 1155 2817 Nos
1208 2753 1444 2818 Comes
1498 2754 1818 2819 Martinus
1851 2750 2256 2818 vioe-Judex
2308 2753 2501 2820 Gurie
2554 2751 2796 2818 domini
2845 2754 3053 2836 Regis

796 2861 1110 2929 memorie
1143 2862 1675 2930 commendantes
1711 2860 2158 2944 significamus
2180 2909 2196 2941 ,
2249 2861 2486 2941 quibus
2519 2861 2788 2946 expedit
2822 2869 3050 2927 tenore

796 2969 1210 3057 presencium
1246 2967 1590 3051 universis,
1641 2969 1818 3051 quod
1852 2989 1995 3034 cum
2029 2968 2315 3034 Mathias
2340 3019 2354 3048 ,
2394 2968 2633 3052 Mathe,
2670 2974 2734 3034 et
2769 2970 3052 3053 Naburg

798 3077 913 3161 filij
954 3077 1258 3164 Foymos,
1296 3074 1589 3141 curtiferi
1620 3075 2079 3143 buchariorum
2107 3123 2124 3156 ,
2163 3076 2439 3142 Lukach
2466 3126 2481 3156 ,
2536 3082 2601 3143 et
2631 3077 2896 3144 Blasius
2928 3077 3046 3163 filij

795 3184 1000 3251 Pethe
1034 3183 1363 3268 pincerne,
1419 3202 1498 3248 ac
1533 3181 1823 3250 vniuersi
1873 3183 2095 3266 populi
2153 3180 2409 3247 domine
2461 3184 2713 3268 Regiae
2764 3183 2849 3250 de
2895 3187 3052 3269 Nag

801 3293 1059 3371 Beren,
1113 3289 1193 3358 de
1227 3288 1555 3356 Oomitatu
1603 3289 2065 3373 Simighiensi,
2108 3312 2188 3356 ex
2221 3291 2457 3371 quibus
2481 3342 2496 3371 ,
2551 3301 2615 3356 et
2649 3312 2766 3377 pro
2806 3294 3049 3376 quibus

795 3402 1000 3487 ijdem
1032 3399 1273 3483 Mathe,
1297 3399 1594 3479 Lukach,
1620 3406 1687 3464 et
1720 3399 1989 3465 Blasius
2023 3419 2168 3465 cum
2212 3399 2559 3465 sufficienti
2596 3402 3048 3484 procuratorio

796 3516 1324 3595 comparuerunt,
1358 3507 1711 3573 discretum
1755 3508 1961 3572 virum
1993 3508 2384 3591 Magistrum
2407 3508 2860 3574 Andronicum
2895 3510 3046 3576 Pre-

796 3618 1083 3703 positum
1137 3616 1436 3683 Ecclesie
1467 3616 2017 3703 vesprimiensis,
2058 3617 2210 3682 aule
2259 3614 2521 3683 domine
2574 3619 2827 3702 Regine
2860 3619 3041 3683 Vice-

746 3721 751 3726 ’
796 3725 1302 3809 Cancellarium,
1337 3730 1402 3789 et
1435 3724 1811 3808 Capitulum
1848 3723 2147 3807 ejusdem
2181 3724 2517 3808 Ecclesie,
2551 3725 2633 3789 de
2669 3726 2908 3807 quibus
2930 3776 2949 3809 ,
2982 3731 3045 3789 et

796 3854 913 3920 pro
948 3831 1199 3915 quibus,
1219 3833 1393 3900 idem
1427 3831 1839 3899 Andronicus
1860 3832 2246 3918 Prepositus
2268 3832 2498 3916 astitit,
2541 3853 2760 3900 coram
2784 3832 3041 3901 domino

795 3940 1062 4008 Andrea
1094 3941 1341 4008 Illustri
1372 3943 1553 4026 Rege
1587 3940 1926 4026 Hungarie
1944 3990 1962 4025 ,
2018 3940 2279 4007 domino
2315 3948 2537 4009 nostro
2578 3943 2946 4010 traxissent
2976 3945 3040 4008 in

797 4068 1089 4135 causam,
1124 4056 1188 4114 et
1220 4048 1390 4114 idem
1425 4049 1729 4116 dominus
1759 4058 1978 4117 noster
2025 4051 2166 4115 Rex
2201 4048 2413 4133 ipsam
2445 4067 2713 4115 causam
2749 4052 3039 4136 parcium

797 4156 985 4224 nobis
1020 4155 1462 4223 commisisset
1495 4157 1972 4244 judicandam3
2024 4156 2304 4243 predicti
2336 4158 2603 4240 Mathe,
2660 4157 2940 4225 Lukach
2974 4167 3042 4226 et

799 4266 1064 4333 Blasius
1096 4284 1218 4349 pro
1252 4285 1324 4331 se
1351 4316 1368 4350 ,
1422 4271 1488 4329 et
1520 4286 1635 4351 pro
1687 4266 1991 4333 omnibus
2038 4263 2195 4347 alijs
2225 4264 2616 4351 prescriptis
2666 4275 2944 4349 egerunt
2974 4266 3041 4331 in

794 4375 1003 4461 figura
1047 4373 1282 4458 judicij
1336 4379 1777 4460 proponentes
1798 4421 1817 4457 ,
1870 4373 2048 4455 quod
2077 4372 2491 4441 Andronicus
2544 4373 2927 4457 Prepositus
2977 4380 3043 4438 et

798 4480 1170 4568 Capitulum
1193 4481 1707 4566 Wesprimiense
1729 4481 2013 4567 predicti
2045 4482 2536 4567 possessionem
2575 4483 2864 4565 ipsorum
2917 4502 3042 4548 em-

795 4591 1067 4679 pticiam
1099 4591 1169 4657 in
1202 4591 1397 4658 terris
1447 4590 1829 4677 arabilibus,
1862 4589 2091 4677 sylvis,
2123 4588 2358 4672 vineis,
2395 4596 2462 4655 et
2491 4587 2711 4655 feneto
2731 4639 2749 4672 ,
2783 4608 2980 4673 quam
3004 4609 3045 4655 a

794 4698 1113 4768 Michaele
1146 4698 1279 4765 filio
1312 4696 1523 4764 Balad
1553 4698 1623 4763 in
1653 4701 1862 4764 Beren
1898 4698 2116 4783 precio
2151 4700 2712 4782 comparaverant,
2745 4696 3042 4766 indebite
