3416 5313
1817 404 1942 472 194

748 602 1084 671 contineri.
1121 601 1514 669 Adiecerunt
1547 602 1752 670 eciam
1775 656 1792 689 ‚
1845 603 2020 686 quod
2053 604 2234 671 facta
2266 601 2638 675 huiusmodi
2687 606 2989 673 reambu-

743 708 998 778 lacione
1032 716 1257 793 partes
1311 709 1605 796 predicte
1657 730 1775 796 per
1807 709 2149 776 arbitrium
2182 712 2498 781 nobilium
2549 714 2827 780 virorum
2863 716 2992 782 Bo-

744 821 875 904 gud
905 828 971 887 et
998 817 1317 903 Stephani
1348 816 1466 902 filij
1501 817 1647 884 Aba
1696 815 2054 898 Comitum,
2111 820 2558 887 amicabilium
2592 820 2989 907 composito-

742 952 875 996 rum
900 980 919 1015 ,
968 934 1233 1013 propter
1264 927 1502 993 bonum
1554 927 1741 1010 pacis
1776 926 1861 992 ad
1895 929 2245 996 concordie
2278 931 2589 999 vnionem
2637 929 2988 998 devenien-

740 1046 866 1126 tes,
898 1048 959 1106 et
992 1036 1269 1104 eandem
1300 1041 1539 1103 terram
1573 1037 1882 1123 Koarzeg
1913 1046 2221 1106 uocatam>
2249 1059 2291 1106 a
2313 1043 2510 1107 terris
2541 1040 2985 1127 predictorum

739 1149 1054 1218 nobilium
1082 1152 1462 1234 separatam
1496 1147 1786 1230 antiquis
1839 1151 2030 1216 metis
2064 1149 2273 1234 ipsius
2320 1151 2655 1219 rennuatis
2688 1151 2990 1234 reliquis·

738 1266 886 1326 sent
918 1258 1129 1324 eidem
1161 1255 1478 1341 magistro
1525 1255 1790 1323 Andree
1840 1276 2002 1343 pure
2037 1265 2102 1324 et
2134 1259 2556 1346 simpliciter,
2609 1259 2885 1347 pacifice
2918 1266 2987 1326 et

738 1367 956 1451 quiete
988 1363 1365 1453 possidere,
1419 1363 1719 1431 omnibus
1751 1364 1972 1434 litibus
2022 1368 2479 1451 questionibus
2510 1375 2575 1435 et
2609 1368 2985 1438 contencio-

736 1477 931 1546 nibus
964 1494 1159 1561 super
1192 1473 1368 1542 facto
1402 1473 1696 1541 eiusdem
1749 1477 1918 1542 terre
1948 1478 2120 1543 inter
2149 1484 2371 1562 partes
2404 1476 2491 1544 ab
2524 1477 2795 1559 antiquo
2827 1494 2981 1542 sus-

735 1586 991 1655 scitatis
1021 1582 1270 1653 sedatis
1321 1583 1582 1669 penitus
1613 1588 1680 1651 et
1714 1581 1968 1669 sopitis.
2003 1583 2292 1664 Quarum
2326 1584 2588 1669 quidem
2637 1590 2980 1667 terrarum,

734 1696 990 1764 scilicet
1019 1694 1325 1779 Koarzeg
1373 1692 1619 1778 prefati
1670 1694 1978 1779 magistri
2028 1694 2333 1779 Andree,
2389 1690 2573 1761 Koar
2621 1699 2687 1760 et
2737 1693 2981 1761 Chala-

733 1806 862 1872 mia
893 1802 1336 1892 predictorum
1368 1799 1682 1869 nobilium
1717 1799 1798 1869 de
1832 1802 2180 1872 Chalamia
2198 1855 2216 1890 ,
2251 1810 2424 1872 mete
2463 1811 2528 1871 et
2561 1803 2822 1869 termini
2855 1803 2983 1872 hoc

732 1912 962 1982 ordine
1011 1911 1454 1998 distinguntur
1491 1932 1505 1974 ε
1557 1911 1782 1977 Prima
1831 1918 2008 1980 meta
2047 1912 2279 2000 incipit
2328 1935 2371 1982 a
2418 1917 2611 1999 parte
2664 1912 2974 1980 orientali

730 2021 812 2090 de
844 2029 1021 2090 terra
1059 2023 1363 2106 Koarzeg
1388 2026 1631 2088 uocata
1650 2071 1667 2104 ‚
1717 2019 1832 2088 vbi
1864 2028 2012 2088 sunt
2044 2020 2170 2088 due
2202 2028 2376 2091 mete
2405 2028 2617 2090 terree
2647 2022 2834 2089 iuxta
2862 2020 2982 2088 flu-

733 2131 905 2200 uium
939 2131 1137 2217 Ypul,
1168 2135 1236 2196 et
1267 2128 1356 2199 ibi
1395 2126 1572 2194 cadit
1605 2130 1669 2195 in
1704 2131 1919 2214 ipsum
1939 2128 2206 2197 fluuium
2233 2131 2446 2218 Ypul;
2481 2127 2724 2199 deinde
2755 2137 2982 2200 autem

728 2242 943 2309 tendit
974 2258 1205 2309 uersus
1240 2238 1576 2305 meridiem
1630 2238 1718 2304 ad
1752 2245 1991 2307 terram
2028 2237 2380 2327 Lamperti‚
2417 2260 2544 2326 que
2576 2243 2746 2312 Riba
2778 2261 2975 2310 voca·
3013 2308 3018 2312 .

731 2357 854 2433 tur,
892 2355 957 2417 et
987 2349 1184 2417 currit
1214 2349 1282 2415 in
1315 2347 1466 2433 ipsa
1499 2367 1673 2430 aqva
1707 2369 1828 2434 per
1855 2368 2161 2436 magnum
2184 2351 2480 2437 spacium
2514 2349 2747 2436 eundo,
2784 2357 2852 2418 et
2882 2351 2977 2419 ibi

727 2462 908 2529 uenit
941 2461 1026 2527 ad
1064 2458 1413 2526 haradissa
1435 2453 1527 2546 (P)
1562 2459 1763 2526 castri
1797 2458 1866 2526 in
1899 2481 2097 2528 vnum
2130 2482 2360 2531 nemus
2411 2463 2499 2530 ad
2533 2463 2973 2546 occidentem,

726 2567 902 2652 quod
949 2570 1123 2653 wlgo
1158 2565 1358 2631 holmo
1389 2564 1650 2653 dicitur,
1685 2577 1750 2636 et
1794 2588 2004 2656 prope
2058 2570 2242 2638 illum
2285 2571 2707 2638 monticulum
2739 2590 2974 2658 parum

726 2675 1189 2746 descendendo
1224 2682 1375 2743 sunt
1406 2677 1531 2744 due
1565 2683 1741 2744 mete
1773 2685 2007 2765 terree,
2043 2685 2107 2746 et
2142 2681 2208 2746 in
2243 2680 2474 2748 eodem
2510 2700 2777 2749 nemore
2824 2688 2979 2747 sunt

728 2786 853 2856 due
887 2794 1102 2854 terree
1135 2794 1343 2873 mete,
1398 2784 1512 2853 ubi
1545 2786 1752 2853 eciam
1783 2792 1885 2853 est
1916 2808 2046 2856 vna
2079 2788 2227 2869 uia,
2263 2808 2389 2872 que
2423 2789 2560 2855 exit
2598 2788 2683 2856 de
2717 2788 2828 2857 illo
2861 2808 2972 2856 ne-

723 2916 921 2983 more,
956 2904 1020 2963 et
1053 2897 1290 2963 transit
1322 2915 1518 2962 unam
1552 2897 1863 2982 magnam
1900 2897 2095 2981 viam,
2131 2899 2243 2964 vbi
2277 2904 2427 2964 sunt
2459 2895 2583 2963 due
2615 2904 2788 2965 mete
2821 2904 2966 2964 ter-

720 3027 830 3074 ree
852 3031 869 3094 3
902 3012 969 3076 et
984 3007 1138 3074 inde
1156 3003 1365 3072 tendit
1384 3025 1503 3091 per
1522 3012 1735 3074 terras
1758 3006 2053 3073 arabiles
2086 3004 2174 3072 ad
2194 3025 2384 3075 vnam
2405 3024 2681 3092 paruam
2705 3006 2974 3084 siluam,
3038 3067 3051 3084 s

721 3116 895 3201 quod
944 3116 1117 3201 wlgo
1168 3113 1491 3183 vocabulo
1543 3123 1861 3180 erestewen
1912 3112 2172 3201 dicitur,
2225 3115 2344 3181 sub
2396 3113 2581 3180 cuius
2632 3110 2763 3179 fine
2809 3123 2967 3180 sunt

721 3227 849 3294 due
880 3233 1092 3294 terree
1125 3232 1336 3302 mete,
1391 3228 1457 3290 et
1489 3222 1583 3290 sic
1617 3222 1804 3289 iuxta
1837 3223 2019 3291 illam
2071 3223 2302 3291 siluam
2354 3222 2560 3289 currit
2604 3241 2724 3308 per
2754 3228 2969 3287 metas

715 3345 934 3405 nouas
973 3352 1201 3401 versus
1251 3338 1459 3400 metas
1510 3333 1812 3419 priores,
1860 3331 1969 3401 vbi
2020 3340 2173 3401 sunt
2220 3333 2649 3401 commetanei
2704 3332 2967 3399 nobiles

717 3447 801 3516 de
833 3445 1218 3528 Chalamia3
1270 3462 1398 3528 que
1430 3442 1687 3525 quidem
1723 3427 1896 3509 silva
1932 3452 2248 3508 creste-zoen
2301 3442 2567 3510 omnino
2615 3445 2967 3509 remanent

664 3604 667 3608 .
717 3559 890 3623 intra
922 3561 1132 3622 metas
1189 3549 1274 3617 ad
1327 3555 1569 3617 terram
1600 3551 1910 3635 Kourzeg
1956 3557 2265 3619 vocatam
2298 3556 2364 3618 et
2411 3556 2847 3636 pernotatam‚
2901 3555 2970 3615 et

716 3666 815 3732 sic
849 3664 1252 3731 terminatur.
1300 3662 1636 3742 Preterea‚
1670 3658 1725 3726 si
1761 3645 2040 3744 predicti
2071 3660 2328 3727 nobiles
2362 3660 2710 3727 Pazuanus
2743 3663 2810 3723 et
2844 3658 2960 3726 Oo-

716 3791 855 3840 mes
886 3770 1202 3838 Nicolaus
1234 3764 1315 3835 de
1352 3765 1723 3850 Chalamia,
1761 3766 1942 3836 Bekc
1977 3774 2044 3837 ct
2078 3766 2432 3836 Ladislaus
2463 3765 2583 3853 filij
2619 3766 2784 3850 eius,
2819 3767 2969 3832 Ale-

713 3882 862 3948 xius
896 3880 1069 3946 filius
1102 3876 1425 3944 Feliciani
1447 3925 1466 3961 ,
1514 3882 1582 3943 et
1611 3874 1952 3943 ,Iohannes
1986 3876 2159 3944 filius
2190 3875 2544 3943 Laurencii
2577 3875 2804 3960 aliqua
2832 3875 2963 3960 pri-

712 3990 984 4076 vilegia,
1017 3989 1269 4057 litteras
1301 3987 1410 4054 uel
1445 3988 1880 4055 instrumenta
1912 4006 2109 4072 super
2143 3985 2320 4055 facto
2350 3986 2609 4072 prefate
2630 3992 2801 4052 terre
2834 3985 2965 4051 Ko-

714 4121 919 4185 arzeg
951 4105 1183 4166 vocate
1214 4096 1280 4162 in
1312 4096 1610 4165 fraudem
1631 4105 2107 4183 reseruassent,
2143 4114 2355 4182 casse,
2376 4094 2578 4175 irrite,
2613 4100 2681 4162 et
2711 4095 2966 4178 inaneS,

711 4220 776 4281 et
812 4208 1071 4277 omnino
1106 4207 1243 4273 suis
1276 4205 1524 4274 uiribus
1573 4211 1858 4274 vacuate
1891 4204 2313 4274 haberentur.
2363 4208 2439 4274 In
2475 4204 2659 4273 cuius
2705 4203 2802 4269 rei
2834 4222 2963 4267 me·

708 4319 980 4390 moriam
1014 4324 1079 4385 et
1101 4322 1489 4402 perpetuam
1522 4313 1893 4383 firmitatem
1913 4314 2329 4401 presentibus
2361 4312 2648 4397 sigillum
2669 4319 2967 4381 nostrum

708 4430 1013 4496 duximus
1065 4426 1547 4514 apponendum.
1580 4424 1823 4491 Datum
1859 4424 1924 4490 in
1961 4425 2307 4492 Dominica
2339 4422 2577 4493 Judica
2609 4423 2712 4489 Me
2735 4473 2752 4506 ‚
2793 4440 2966 4487 anno

704 4538 980 4606 Domini
1011 4536 1112 4605 M⁰
1144 4535 1285 4604 00⁰
1317 4532 1746 4619 nonagesimo
1780 4538 2037 4601 octavo,

1014 4695 1340 4771 (Eredet-iet
1367 4696 1599 4751 kozolte
1625 4694 1818 4751 velem
1845 4692 1911 4751 T.
1942 4694 2332 4764 Sunt-Kirdlyi
2354 4696 2538 4748 Ldszlo
2561 4692 2670 4765 ur.)
