3416 5313
1529 329 1752 438 213*—

468 527 714 591 Datum
744 525 1062 593 Laterani
1115 527 1189 593 V.
1229 527 1560 594 kalendas
1595 525 1976 614 Februarii,
2025 529 2460 600 Pontificatus
2512 536 2726 602 nostri

472 652 641 700 anno
682 630 934 716 quinto.

683 741 758 809 In
816 760 873 807 e.
907 761 991 806 m.
1049 741 1308 811 dilectis
1361 742 1514 811 filiis
1566 744 1844 811 vasallis
1875 746 2178 813 Ecclesia
2228 748 2723 835 Str-igoniensis.

470 849 933 919 Preteritorum
956 850 1272 918 exhibitio
1294 859 1415 919 etc.
1446 858 1518 919 ut
1556 871 1759 938 supra
1780 872 1992 938 usque
2014 855 2257 922 mentio
2279 856 2365 924 sit
2384 854 2721 926 habenda.

473 957 795 1037 Quocirca
826 957 1245 1027 universitati
1294 967 1515 1028 vestre
1547 980 1667 1046 per
1719 961 2103 1047 Apostolica
2153 965 2403 1049 scripta
2452 967 2720 1033 manda-

469 1086 646 1149 mus,
684 1074 1008 1150 quatenus
1042 1067 1323 1135 eundem
1371 1068 1448 1135 G.
1503 1075 1816 1151 tanquam
1869 1070 2371 1137 Procuratorem
2423 1073 2722 1141 eiusdem

468 1172 940 1260 Strigoniensis
974 1176 1278 1244 Ecclesie
1312 1197 1355 1244 a
1387 1177 1577 1245 nobis
1601 1226 1618 1259 ‚
1671 1183 1743 1242 ut
1773 1177 2149 1264 predicitur,
2184 1180 2557 1248 ordinatum
2606 1182 2718 1249 de·

466 1281 605 1352 bita
634 1281 1125 1353 honorificentia
1157 1293 1638 1371 prosequentes
1660 1335 1679 1370 ,
1716 1284 1776 1349 ei
1822 1285 2210 1353 fidelitatem
2245 1286 2547 1376 solitam,
2598 1308 2722 1356 nec

466 1410 597 1457 non
630 1390 860 1458 debita
893 1399 960 1458 et
997 1400 1315 1460 consueta
1367 1393 1642 1459 servitia
1693 1398 1759 1459 et
1808 1391 1953 1458 iura
1988 1392 2282 1460 eiusdem
2316 1413 2358 1460 a
2386 1393 2577 1464 vobis
2610 1395 2719 1461 de·

468 1499 605 1566 bita
638 1500 950 1569 exhibere
984 1502 1237 1588 integre
1269 1501 1593 1570 studeatis
1628 1528 1642 1568 :
1692 1500 1989 1585 alioquin
2010 1502 2406 1569 sententiam
2434 1503 2578 1569 sive
2611 1522 2721 1589 pe·

467 1628 641 1694 nam,
676 1628 838 1692 quas
871 1610 1047 1679 idem
1080 1613 1158 1680 G.
1189 1612 1314 1679 rite
1365 1611 1588 1679 tulerit
1618 1629 1736 1675 seu
1769 1610 2078 1678 statuerit
2103 1611 2170 1677 in
2205 1610 2505 1696 rebelles,
2538 1619 2722 1680 ratas

465 1717 879 1802 habebimus,
931 1724 995 1786 et
1041 1719 1358 1786 faciemus
1391 1724 1661 1784 auctore
1690 1715 2014 1801 Domino,
2068 1735 2279 1800 usque
2330 1715 2419 1784 ad
2455 1718 2719 1787 satisfa-

465 1828 743 1894 ctionem
777 1825 1169 1910 condignam
1206 1825 1683 1895 inviolabiliter
1718 1824 2082 1893 observari.
2119 1823 2367 1892 Datum
2398 1827 2718 1894 Laterani

465 1935 542 2000 V.
574 1932 898 2002 kalendas
931 1933 1297 2019 Februarii,
1333 1932 1762 2001 Pontificatus
1794 1933 2003 2000 nostri
2035 1953 2212 1999 anno
2247 1934 2494 2016 quinto.

677 2045 756 2109 In
814 2065 870 2106 e.
903 2062 989 2107 m.
1040 2042 1535 2111 venerabilibus
1583 2042 1897 2111 fratribus
1933 2042 2388 2129 suffraganeis
2421 2041 2719 2111 Ecclesie

464 2150 952 2238 Strigoniensis.
1003 2153 1475 2220 Preteritorum
1527 2151 1849 2219 exhibitio
1883 2158 2007 2222 etc.
2041 2159 2114 2219 ut
2155 2171 2359 2239 supra
2390 2170 2595 2239 usque
2630 2151 2720 2218 sit

463 2260 792 2328 habenda.
846 2260 1172 2340 Quocirca
1204 2259 1601 2329 fraternituti
1635 2266 1855 2328 vestre
1882 2279 2002 2347 per
2034 2261 2415 2346 Apostolica
2466 2261 2719 2348 scripta

467 2369 851 2438 mandamus
868 2420 887 2456 ‚
941 2375 1272 2453 quatenus
1292 2418 1309 2452 ,
1372 2369 1587 2437 eidem
1620 2368 1697 2435 G.
1752 2376 2067 2453 tanquam
2099 2370 2514 2438 Procuratori
2545 2369 2720 2436 dicte

466 2476 940 2561 Strigoniensis
970 2476 1272 2545 Ecclesie
1306 2497 1347 2544 a
1379 2478 1592 2563 nobis,
1625 2484 1695 2542 ut
1727 2476 2108 2562 predicitur,
2143 2475 2465 2562 ordinato,
2489 2494 2713 2561 quam-

466 2588 576 2654 diu
608 2586 1130 2672 procurationem
1167 2590 1231 2655 et
1268 2584 1904 2654 administrationem
1935 2586 2146 2673 ipsius
2179 2587 2483 2674 gesserit,
2525 2587 2717 2654 obse·

467 2703 760 2783 quentes,
794 2702 860 2763 et
890 2695 1276 2766 exhibentes
1299 2697 1362 2765 ei
1384 2696 1830 2765 obedientiam
1864 2703 1931 2763 et
1961 2696 2393 2765 revereetiam
2424 2695 2716 2764 debitam

466 2810 532 2870 et
562 2805 891 2890 devotam,
926 2804 1129 2891 ipsius
1180 2803 1553 2872 salubribus
1586 2803 1853 2872 monitis
1887 2808 1952 2871 et
1982 2803 2313 2872 mandatis
2355 2803 2718 2871 efficaciter

466 2911 869 3001 intendatis;
903 2912 998 2977 ita
1029 2911 1203 2995 quod
1254 2921 1480 2980 mutua
1529 2912 1702 2994 inter
1733 2930 1852 2978 vos
1886 2916 1954 2978 et
1983 2911 2199 2996 ipsum
2231 2911 2452 2994 gratia
2488 2915 2717 2996 gratos

464 3020 776 3087 sortiatur
808 3019 1078 3090 effectus
1100 3073 1118 3108 ,
1153 3027 1218 3090 et
1247 3042 1371 3089 nos
1403 3022 1822 3089 devotionem
1879 3025 2169 3088 vestram
2200 3021 2530 3104 possimus
2570 3036 2714 3104 pro-

464 3136 695 3213 pterea
734 3130 801 3196 in
854 3128 1131 3195 Domino
1164 3148 1292 3195 non
1327 3129 1650 3196 immerito
1684 3129 2163 3196 commendare.
2217 3125 2529 3210 Alioquin
2568 3144 2717 3194 sen·

464 3237 757 3320 tentiam,
794 3255 987 3320 quam
1022 3236 1197 3305 idem
1231 3237 1307 3304 G.
1342 3235 1466 3303 rite
1499 3236 1720 3304 tulerit
1751 3235 1818 3301 in
1851 3234 2157 3318 rebelles,
2189 3242 2404 3301 ratam
2440 3232 2716 3300 habebi·

462 3366 622 3429 mus,
657 3351 723 3413 et
743 3347 1062 3414 faciemus
1082 3351 1348 3414 auctore
1370 3345 1651 3413 Domino
1675 3361 1880 3428 usque
1907 3341 1994 3409 ad
2027 3339 2551 3409 satisfactionem
2571 3357 2717 3405 con-

465 3455 734 3537 dignam
765 3454 1237 3522 inviolabiliter
1280 3454 1642 3522 observari.
1665 3453 1910 3520 Datum
1931 3450 2245 3520 Laterani
2274 3449 2356 3514 V.
2389 3444 2716 3515 kalendas

465 3564 836 3649 Februarii,
872 3562 1299 3633 Pontificatus
1332 3563 1544 3631 nostri
1577 3582 1748 3630 anno
1781 3562 2027 3645 quinto.

677 3669 752 3738 In
788 3692 845 3740 e.
896 3694 980 3739 m.
1014 3671 1270 3741 dilectis
1303 3672 1459 3741 filiis
1515 3671 1817 3756 Capitulo
1867 3670 2170 3736 Ecclesie
2200 3666 2513 3735 Albensis
2555 3666 2715 3732 Ves-

468 3779 846 3865 primiensis
897 3780 1219 3850 Diocesis.
1266 3780 1729 3849 Preteritorum
1780 3776 2100 3845 exhibitio
2135 3782 2257 3842 etc.
2292 3779 2364 3840 ut
2397 3791 2598 3859 supra
2617 3790 2718 3839 us-

465 3907 590 3971 que
624 3899 801 3958 esset
833 3888 1160 3958 habenda.
1213 3889 1539 3968 Quocirca
1573 3886 1985 3954 universitati
2038 3888 2258 3953 vestre
2287 3902 2406 3968 per
2436 3883 2718 3969 Aposto-

467 4002 594 4067 lica
627 4000 877 4084 scripta
909 3998 1311 4082 mandamus,
1365 4006 1689 4080 quatenus
1724 3993 1937 4062 eidem
1973 3995 2051 4062 G.
2095 4001 2407 4075 tanquam
2441 3988 2715 4057 admini-

464 4107 737 4177 stratori
768 4106 1063 4174 eiusdem
1094 4107 1408 4174 Albensis
1442 4105 1743 4172 Ecclesie
1776 4125 1819 4170 a
1849 4102 2062 4187 nobis,
2099 4109 2170 4168 ut
2199 4099 2580 4186 predicitur,
2616 4117 2714 4165 or-

462 4221 710 4304 dinato,
745 4216 1057 4302 quamdiu
1098 4214 1733 4284 administrationem
1765 4210 2135 4281 huiusmodi
2165 4206 2464 4292 gesserit,
2506 4204 2714 4272 humi-

462 4330 612 4395 liter
645 4325 1084 4408 intendentes,
1119 4331 1186 4391 et
1219 4324 1606 4392 exhibentes
1639 4323 1700 4390 ei
1733 4332 2048 4405 tanquam
2083 4318 2381 4387 eiusdem
2414 4315 2719 4383 Ecclesie

415 4471 426 4478 ·
465 4435 777 4503 Albensis
813 4433 1158 4519 Preposito
1181 4433 1617 4522 obedientiam
1638 4439 1706 4499 et
1724 4428 2162 4500 reverentiam
2187 4425 2479 4494 debitam
2518 4428 2582 4491 et
2613 4422 2720 4489 de·

462 4552 708 4629 votam,
741 4540 885 4610 eius
917 4539 1209 4609 salubria
1239 4542 1485 4609 monita
1521 4546 1588 4608 et
1618 4532 1935 4605 mandata
1955 4534 2337 4622 suscipiatis
2372 4531 2614 4600 devote
2637 4549 2719 4597 ac

463 4649 819 4719 efficaciter
840 4648 1206 4736 adimplere
1249 4648 1526 4718 curetis:
1560 4646 1857 4731 alioquin
1888 4642 2302 4728 sententiam,
2324 4659 2518 4724 quam
2540 4637 2719 4707 idem
