3416 5313
1669 388 1908 485 ψ*230

704 584 878 652 sacto
910 590 1082 650 terre
1117 583 1404 669 quinque
1440 582 1817 665 porcionum
1856 583 1939 648 de
1989 590 2166 650 terra
2199 583 2402 647 Tema
2444 581 2663 649 taliter
2698 598 2960 646 concor-

704 693 941 776 dasse,
995 692 1163 776 quod
1216 692 1383 757 feria
1435 695 1627 755 sexta
1678 691 1979 773 proxima
2024 696 2176 773 post
2240 694 2513 755 octauas
2565 682 2960 755 Natiuitatis

705 798 893 865 Beati
925 799 1253 867 Johannis
1285 800 1582 882 Baptiste
1614 798 1740 863 hoc
1795 817 1969 862 anno
1994 848 2008 877 ‚
2045 798 2380 884 Nycolaus
2417 803 2481 862 et
2511 794 2855 862 Johannes
2893 794 2960 858 fi-

703 907 770 992 lij
809 908 1080 974 Comitis
1116 908 1318 995 Byter
1338 957 1355 990 ,
1411 928 1544 973 vna
1577 926 1726 973 cum
1759 905 2080 992 Dyon'rsio
2114 909 2354 988 Magno
2386 905 2518 971 filio
2554 904 2739 988 Jurk,
2776 908 2843 965 et
2875 902 2966 966 al-

703 1022 841 1082 tero
886 1015 1210 1102 Dyonisio
1260 1011 1392 1078 filio
1429 1014 1788 1098 Tyburchij
1844 1012 1924 1077 de
1979 1014 2292 1091 Palasth‚
2349 1015 2413 1077 in
2466 1031 2741 1094 quorum
2785 1010 2968 1093 jura·

705 1130 922 1189 mento
956 1123 1129 1188 idem
1162 1123 1530 1188 Demetrius
1581 1123 1753 1189 filius
1786 1121 2088 1204 Farcasij
2126 1134 2241 1205 pro
2276 1140 2349 1186 se
2382 1128 2447 1187 et
2479 1119 2789 1187 fratribus
2823 1114 2965 1181 suis

707 1229 1019 1317 predictis
1051 1231 1296 1296 factum
1356 1229 1677 1295 dictarum
1731 1228 2012 1312 quinque
2045 1228 2425 1312 porcionum
2459 1235 2633 1294 terre
2665 1223 2967 1313 predicte

706 1343 941 1422 sponte
974 1336 1276 1407 submisit
1316 1336 1773 1418 decidendum,
1815 1335 2231 1420 presentibus
2265 1336 2432 1404 Jurk
2464 1335 2599 1401 filio
2635 1333 2969 1418 Stephani

706 1445 788 1512 de
839 1446 1199 1521 Zalathna,
1253 1465 1444 1528 quem
1480 1445 1684 1531 inem
1737 1444 1862 1528 filij
1899 1444 2174 1511 Comitis
2226 1447 2432 1530 Byter
2467 1443 2841 1522 adducent,
2899 1446 2969 1506 et

706 1553 967 1619 Andrea
999 1553 1131 1621 filio
1182 1554 1382 1620 Araw
1403 1600 1418 1632 ‚
1474 1573 1659 1637 quem
1695 1552 1815 1636 filij
1851 1551 2156 1636 Farcasij
2212 1557 2278 1616 et
2307 1549 2428 1633 filij
2467 1550 2665 1616 Perse
2688 1598 2705 1627 ‚
2740 1554 2969 1634 partes

708 1666 986 1743 actores,
1023 1659 1376 1747 adducent,
1424 1660 1796 1727 hominibus
1831 1658 2080 1727 domini
2129 1658 2330 1737 Regis
2362 1657 2633 1738 duobus,
2671 1663 2736 1721 et
2784 1658 2973 1724 testi-

708 1767 945 1853 monijs
982 1767 1268 1852 Capituli
1301 1766 1668 1847 Vaciensis,
1707 1785 1873 1850 quos
1909 1766 2240 1832 adducent
2272 1765 2465 1831 ambe
2495 1770 2740 1848 partes,
2775 1785 2970 1832 acce-

708 1872 866 1939 dent
899 1882 1125 1960 partes
1151 1895 1347 1959 super
1368 1870 1667 1960 facie(m)
1704 1875 2027 1942 dictarum
2066 1873 2355 1955 quinque
2390 1872 2771 1957 porcionum
2806 1873 2972 1939 filio-

712 2000 850 2046 rum
885 1984 1187 2068 Farcasij
1227 1991 1293 2049 et
1322 1981 1599 2049 filiorum
1652 1983 1854 2047 Perse
1889 1979 2462 2048 contenciosarum
2487 2028 2504 2060 ‚
2559 1987 2625 2045 et
2658 1979 2863 2065 ijdem
2900 1981 2973 2046 fi-

706 2089 778 2173 lij
815 2088 1087 2156 Comitis
1122 2091 1327 2176 Byter
1380 2089 1530 2173 duc,
1565 2096 1632 2156 et
1664 2090 1792 2155 duo
1848 2088 2170 2155 nominati
2205 2087 2508 2172 predicti,
2542 2088 2715 2154 sicut
2765 2089 2971 2155 moris

710 2204 809 2261 est
842 2197 1057 2260 iurare
1091 2215 1287 2280 super
1320 2203 1579 2279 terram,
1614 2195 1994 2280 recipiendo
2029 2203 2274 2261 terram
2310 2195 2395 2261 ad
2428 2215 2662 2261 manus
2688 2245 2703 2277 ‚
2759 2202 2827 2261 et
2860 2215 2976 2281 po-

712 2302 923 2369 nendo
959 2321 1157 2386 super
1191 2305 1412 2386 capita
1441 2323 1579 2385 sua,
1613 2304 1923 2370 iurabunt
1955 2324 2151 2392 super
2184 2324 2283 2388 ec,
2321 2292 2495 2389 quod
2518 2302 2751 2370 eedem
2787 2305 2972 2387 quin-

711 2426 836 2489 que
871 2410 1221 2491 porciones
1252 2418 1426 2477 te1·re
1457 2411 1875 2480 contenciose
1911 2412 2042 2478 sint
2075 2418 2140 2476 et
2172 2413 2415 2480 fuerint
2445 2410 2527 2477 de
2559 2412 2969 2479 hereditario

710 2516 847 2582 iure
881 2516 1160 2582 filiorum
1205 2521 1405 2603 Byter
1437 2517 1909 2603 predictorum,
1961 2525 2028 2584 et
2059 2526 2208 2604 post
2241 2521 2364 2587 hec
2414 2525 2633 2604 partes
2690 2519 2755 2585 in
2791 2523 2974 2586 octa-

708 2623 809 2686 uis
842 2622 1038 2690 Beati
1066 2625 1321 2711 Jacoby
1370 2627 1672 2712 Apostoli
1725 2627 2186 2711 comparebunt
2239 2647 2463 2694 coram
2505 2626 2698 2694 nobis
2752 2625 2972 2694 tocius

707 2730 868 2798 facti
917 2731 1152 2797 seriem
1206 2733 1273 2800 in
1325 2735 1559 2799 litteris
1593 2735 1748 2801 dicti
1799 2735 2086 2821 Capituli
2127 2734 2478 2802 Vaciensis
2530 2741 2975 2822 reportantes.

708 2839 950 2903 Datum
982 2839 1166 2906 Bude
1201 2843 1477 2923 septimo
1534 2843 1640 2908 die
1676 2851 2054 2911 octauarum
2100 2844 2563 2925 PentecosteS‚
2618 2862 2792 2909 anno
2846 2841 2980 2907 Do-

711 2944 869 3010 mini
899 2945 1019 3009 M0.
1057 2946 1217 3014 00⁰.
1252 2950 1681 3031 nonagesimo
1716 2969 1909 3015 nono,
2147 2954 2151 2957 ’

929 3142 1145 3209 Jeqyzee.
1171 3139 1539 3213 Bb'rhartyan
1584 3143 1708 3198 kelt
1733 3142 1859 3198 zart
1884 3141 2038 3199 level
2082 3142 2440 3214 pecsetenek
2486 3141 2725 3214 csekdly
2750 3142 2982 3199 marad-

709 3225 1045 3299 vanyaival.
1082 3229 1354 3288 Hatirata
1383 3249 1450 3287 ez
1479 3253 1492 3287 ε
1532 3252 1636 3305 pro
1663 3232 1798 3303 filijs
1827 3232 2068 3289 Comitis
2095 3232 2279 3306 Byter
2305 3240 2510 3289 contra
2535 3232 2685 3289 filios
2711 3231 2979 3301 Farcasij

713 3324 773 3374 et
795 3316 944 3375 filios
969 3318 1166 3389 Perse,
1208 3325 1283 3377 ad
1311 3321 1641 3396 Capitulum
1668 3323 1973 3393 Vaciense,
2004 3325 2079 3378 ad
2104 3323 2313 3379 faciem
2360 3330 2511 3379 terre
2539 3324 2761 3377 Thema
2794 3323 2869 3376 ad
2895 3320 2981 3376 fe-

710 3408 854 3463 riam
881 3414 1103 3464 sextam
1128 3417 1262 3480 post
1289 3417 1527 3467 octanas
1554 3413 1725 3468 Beati
1751 3412 2035 3468 Johannis
2075 3413 2342 3483 Baptiste
2373 3423 2425 3467 et
2471 3412 2544 3467 ad
2589 3411 2857 3467 Judicem
2903 3413 2984 3468 ad

712 3502 956 3640 octazas
982 3497 1154 3553 Beati
1190 3499 1421 3555 Jacobii
1448 3500 1734 3572 Apostoli.
1782 3501 1833 3555 A
1857 3499 2074 3557 kekko'i
2100 3499 2468 3558 leveltarban
2495 3520 2509 3555 z
2537 3500 2707 3555 Fasc.
2757 3502 2806 3554 1.
2836 3499 2986 3571 Nm,

714 3587 802 3641 10.
906 3588 1017 3656 rdy.
