3416 5313
1775 389 1858 455 72

697 586 802 655 die
833 587 1209 656 festiuitatis
1260 585 1564 672 Corporis
1597 586 1677 651 X.
1723 583 2025 673 (Christi)
2064 590 2250 653 Anno
2283 586 2573 654 eiusdem
2610 585 2727 653 M0.
2775 583 2932 653 00⁰.

692 697 1117 783 nonagesimo
1156 694 1467 760 secundo.

701 894 777 963 (A
797 893 958 965 gydri
985 890 1385 962 kaptalannak
1415 891 1725 960 „magister
1751 890 2046 946 Emericus
2073 889 2401 946 canonicus
2421 890 2682 946 Ecclesie
2710 888 2944 945 Posoni-

700 984 853 1041 ensis
877 984 1109 1040 nomine
1153 988 1213 1036 ct
1255 982 1383 1037 vice
1412 981 1788 1036 discretorum
1834 981 2081 1038 virorum
2109 982 2362 1055 magistri
2404 981 2629 1037 Nicolai
2656 980 2947 1050 Prepositi

704 1081 764 1132 et
788 1072 1044 1146 Capituli
1088 1071 1352 1127 Ecclesie
1396 1070 1683 1127 eiusdem“
1735 1069 2010 1128 ke'resere
2038 1073 2268 1127 kiadott
2311 1070 2643 1128 atiratabol.
2703 1073 2950 1141 „Datum

704 1172 762 1223 et
788 1170 976 1222 actum
1000 1162 1146 1220 feria
1172 1162 1426 1219 secunda
1444 1163 1702 1232 proxima
1727 1170 1860 1235 post
1891 1162 2098 1219 festum
2120 1163 2493 1219 Ascensionis
2520 1163 2754 1217 Domini
2785 1161 2948 1232 (Maj.

704 1256 779 1326 5.)
807 1256 977 1312 Anno
1005 1254 1256 1311 eiusdem
1278 1251 1362 1307 Μο
1389 1252 1554 1309 000⁰
1577 1255 1849 1310 vicesimo
1878 1261 2054 1311 sexto·
2083 1253 2376 1327 Magistris
2403 1254 2648 1325 Mathya
2674 1253 2938 1317 Lectore,

704 1347 948 1403 Nicolao
975 1344 1226 1401 Cantore
1254 1349 1313 1399 et
1338 1342 1563 1399 Jacobo
1591 1342 1844 1400 Custode
1872 1343 2132 1401 Ecclesie
2158 1351 2353 1399 nostre
2379 1342 2813 1401 existentibus.“
2842 1342 2950 1398 Po-

777 1431 1262 1505 zsonykaptalani
1290 1432 1750 1507 maganleveltar
1777 1432 1968 1506 Capsa
1994 1431 2056 1488 C.
2084 1433 2250 1490 Fasc.
2276 1433 2328 1488 4.
2355 1428 2491 1490 Nro.
2517 1436 2605 1489 39.
2647 1435 2878 1499 Kmuz.)

1566 1729 1749 1735 ———-—
1770 1729 2096 1736 --ο--μκ--ί

1773 2271 1890 2334 4θ.

723 2467 991 2552 Mika'ly,
1022 2465 1181 2551 qrojf
1205 2466 1420 2528 Bacha
1456 2466 1580 2550 fia,
1612 2467 1780 2530 Loch
1812 2467 2169 2552 helyse'qben
2219 2467 2352 2532 lcvb'
2378 2470 2798 2552 re'szjdsqudt
2827 2469 2966 2551 ve'y-

828 2575 1228 2660 rendeletilcy
1257 2594 1301 2634 a
1329 2574 1570 2659 nyitrai
1600 2573 2045 2660 kdptalannak
2077 2576 2597 2663 haqyoma'yozza.
2647 2576 2845 2642 1292.

942 2770 1314 2859 Capitulum
1347 2772 1651 2841 Ecclesie
1700 2773 2121 2844 Posoniensis
2154 2774 2453 2842 omnibus
2489 2771 2733 2842 Christi
2767 2771 2974 2840 fideli-

728 2881 849 2949 bus
880 2888 1017 2956 tam
1068 2881 1482 2970 presentibus
1504 2930 1520 2958 ‚
1557 2902 1751 2965 quam
1787 2884 2038 2962 futuris,
2073 2903 2348 2968 presens
2400 2881 2716 2967 scriptum
2749 2884 2974 2966 inspe·
3069 2901 3072 2902 f

726 2990 923 3059 cturis
956 2990 1235 3059 salutem
1266 2989 1333 3055 in
1354 2989 1635 3057 Domino
1667 2992 2153 3076 sempiternam.
2187 2992 2294 3060 Ad
2326 2992 2776 3059 vniuersorum
2808 2989 2977 3055 noti·

729 3098 898 3164 ciam
930 3096 1162 3163 harum
1193 3097 1366 3166 serie
1413 3099 1713 3166 uolumus
1760 3101 2106 3184 peruenire
2126 3147 2149 3179 ,
2199 3098 2375 3182 quod
2405 3119 2551 3165 cum
2583 3097 2873 3164 Michael
2903 3097 2976 3162 fi-

727 3207 854 3273 lius
886 3203 1156 3273 Comitis
1204 3205 1431 3272 Bacha
1462 3206 1529 3272 in
1580 3209 1754 3274 lecto
1804 3207 2190 3294 egritudinis
2223 3208 2676 3290 recumberet,
2730 3206 2818 3272 ad
2851 3202 2978 3271 no's

729 3316 995 3381 Petrum
1012 3313 1209 3380 filium
1231 3314 1411 3382 Peck
1431 3315 1794 3398 proximum
1815 3334 1999 3381 suum
2017 3313 2399 3402 transmisit,
2420 3334 2540 3400 per
2563 3333 2754 3396 quem
2786 3312 2984 3382 nobis

727 3420 1058 3490 humiliter
1091 3421 1486 3507 supplicauit
1506 3470 1524 3504 ,
1578 3426 1647 3489 vt
1678 3420 1764 3487 ad
1798 3419 2190 3490 audiendum
2225 3441 2413 3488 suam
2445 3419 2982 3489 testamentalem

733 3528 1239 3614 disposicionem
1289 3549 1372 3596 ex
1402 3528 1592 3597 nobis
1627 3530 1795 3602 duos
1830 3529 2233 3599 mitteremus
2264 3550 2383 3616 pro
2414 3528 2831 3613 testimoniis,
2867 3548 2982 3594 cu-

734 3638 836 3705 ius
869 3634 1425 3722 suplicacionibus
1457 3637 1651 3704 iustis
1687 3644 1753 3704 et
1786 3638 2102 3707 modestis
2135 3643 2524 3726 annuentes,
2557 3637 2858 3704 misimus
2893 3654 2980 3702 ex

732 3743 924 3814 nobis
957 3746 1121 3813 duos
1141 3744 1314 3813 viros
1342 3745 1639 3833 ydoneos
1661 3746 2137 3816 concanonicos
2154 3754 2442 3832 nostros,
2471 3746 2787 3814 videlicet
2812 3745 2988 3812 Mar-

735 3853 940 3919 tinum
972 3859 1038 3923 et
1067 3854 1394 3923 Andream
1416 3854 1655 3923 dictum
1686 3857 1970 3939 Torkus,
2006 3857 2118 3940 qui
2148 3855 2415 3923 tandem
2438 3853 2686 3922 auditis
2719 3855 2983 3922 ordina-

737 3961 1034 4029 cionibus
1065 3962 1635 4030 testamentalibus
1669 3962 1876 4046 ipsius
1898 3961 2241 4030 Michaelis
2274 3962 2341 4027 in
2375 3980 2597 4028 eorum
2629 3964 2986 4048 presencia

738 4055 933 4136 factis
965 4068 1058 4135 ad
1086 4087 1209 4133 nos
1239 4067 1579 4135 redeundo
1627 4087 1907 4137 vnacum
1944 4066 2170 4135 eodem
2204 4069 2395 4133 Petro
2427 4071 2669 4155 nepote
2703 4067 2985 4139 Comitis

737 4175 983 4258 Bacha,
1018 4176 1273 4243 Thoma
1304 4174 1437 4242 filio
1471 4174 1693 4241 Indrih
1728 4194 1969 4261 genero
2003 4174 2161 4241 dicti
2193 4175 2441 4259 Bacha,
2473 4176 2796 4243 Mauricio
2846 4178 2984 4247 filio

739 4284 1067 4372 Stephani
1099 4285 1183 4351 de
1212 4285 1399 4351 Baab
1421 4333 1440 4369 ,
1493 4284 1735 4369 Ipolito
1786 4284 1919 4351 filio
1954 4284 2185 4353 Ohuda
2216 4292 2280 4351 et
2328 4286 2581 4353 Comite
2613 4289 2815 4357 Petro
2849 4290 2992 4356 filio

740 4394 967 4477 Janus,
1001 4392 1333 4461 nobilibus
1385 4392 1469 4460 de
1502 4393 1808 4475 Wasard,
1856 4393 2239 4481 propinquis
2290 4402 2355 4461 et
2404 4396 2721 4481 proximis
2773 4398 2994 4484 ipsius

739 4501 1122 4596 Michaelis,
1155 4501 1353 4578 nobis⁴
1376 4501 1596 4569 taliter
1626 4502 1988 4567 retulerunt
2007 4547 2025 4581 ‚
2079 4500 2251 4583 quod
2282 4500 2438 4568 licet
2483 4503 2830 4588 predictus
2864 4505 2987 4571 Mi-

740 4610 930 4677 chael
961 4608 1273 4694 passione
1324 4605 1800 4692 egritudinaria
1847 4605 2213 4691 laboraret,
2267 4614 2483 4674 tamen
2517 4618 2740 4701 mente
2772 4632 2986 4680 sanus

738 4738 856 4805 per
888 4717 1127 4803 omnia,
1160 4717 1328 4786 inter
1347 4716 1519 4786 alias
1541 4714 2005 4784 ordinaciones
2037 4734 2191 4784 suas
2211 4720 2749 4791 testamentariae
2781 4739 2989 4805 quan-
