3416 5313
1854 456 1942 525 64

795 673 915 740 pos
951 649 1122 741 (lgy)
1148 652 1383 722 mentis
1415 653 1568 720 vina
1590 674 1775 724 uoce.
1811 656 2086 722 Demum
2121 653 2186 718 in
2221 653 2446 721 mortis
2468 653 2743 720 articulo
2774 650 3022 738 procla-

793 762 998 829 mauit
1062 763 1316 848 publice
1380 761 1864 829 ordinacionem
1918 782 2032 828 seu
2089 761 2508 829 collacionem
2564 763 2647 829 de
2706 761 3027 847 premissa

789 869 1429 954 possessioneTurne
1450 879 1687 940 vocate
1702 868 1867 960 (igy)
1889 889 2094 957 penes
2118 871 2390 938 eandem
2410 871 2778 938 Ecclesiam
2800 868 3026 960 Sancti

799 975 1170 1046 Saluatoris
1202 976 1268 1042 in
1301 978 1515 1044 anime
1549 998 1664 1047 sue
1699 986 1764 1045 et
1795 999 2056 1046 suorum
2089 984 2432 1064 parentum
2470 979 2856 1065 suffragium
2885 997 3029 1063 per·

793 1093 990 1170 petuo
1024 1105 1389 1166 remanere,
1425 1086 1718 1154 eiusdem
1752 1088 2203 1172 possessionis
2224 1087 2516 1155 dominio
2549 1088 2636 1154 ad
2667 1088 2877 1171 ipsam
2910 1087 3029 1152 Ec·

799 1193 1068 1261 clesiam
1107 1194 1334 1262 Sancti
1365 1195 1728 1263 Saluatoris
1769 1216 1848 1261 ex
1884 1195 1947 1261 ui
1971 1193 2145 1280 ,iuris
2176 1200 2587 1279 patronatus,
2628 1196 2866 1262 nullius
2915 1213 3033 1261 sue

720 1316 723 1319 ·
798 1301 1222 1387 cognacionis
1246 1300 1681 1390 participante
1706 1304 2071 1388 consorci0,
2091 1304 2468 1390 specialiter
2501 1311 2568 1371 et
2585 1302 3037 1391 principaliter

799 1409 1130 1477 deuoluto.
1168 1412 1305 1478 Nos
1359 1413 1577 1494 itaque
1610 1412 1846 1481 litteris
1891 1411 2188 1479 omnibus
2222 1419 2288 1478 et
2321 1413 2755 1497 munimentis,
2789 1417 2859 1478 ut
2889 1432 3034 1499 pre-

805 1517 1120 1597 misimus,
1149 1519 1455 1602 perlectis
1505 1521 1572 1585 in
1609 1521 1815 1587 nostri
1865 1520 2206 1606 presencia
2254 1526 2319 1585 et
2359 1521 3036 1606 pleniusjntellectis,

801 1626 1078 1692 cundem
1112 1627 1492 1712 magistrum
1530 1629 1721 1695 Haab
1756 1631 2168 1715 Propositum
2205 1633 2271 1694 et
2303 1630 2537 1698 fratres
2560 1649 2738 1713 suos,
2772 1628 3037 1715 Capitu-

801 1734 936 1802 lum
987 1733 1298 1801 videlicet
1350 1736 1642 1803 Ecclesie
1676 1737 2102 1806 Posoniensis
2137 1737 2201 1802 in
2237 1738 2640 1821 corporalem
2679 1736 3037 1823 possessio-

802 1862 951 1909 nem
983 1841 1275 1910 eiusdem
1307 1843 1524 1910 Turne
1557 1866 1632 1911 ac
1680 1847 2151 1930 pertinencium
2196 1839 2279 1913 ad
2314 1844 2591 1912 eandem
2627 1866 2742 1930 per
2775 1848 3037 1916 Petrum

803 1951 1234 2034 presbiterum
1285 1950 1544 2019 fidelem
1579 1953 2009 2040 capellanum
2049 1959 2362 2038 nostrum,
2395 1959 2460 2020 et
2498 1973 2615 2039 per
2650 1954 2802 2043 Vyd
2833 1951 3037 2020 filium

804 2057 1074 2127 Comitis
1126 2059 1336 2126 Greeth
1385 2060 1466 2126 de
1500 2061 1805 2146 Spaccha
1855 2058 2245 2129 familiarem
2278 2067 2567 2131 nostrum
2602 2063 2909 2130 duximus
2940 2064 3041 2129 in·

805 2166 1162 2235 ducendos.
1221 2167 1460 2237 Datum
1514 2169 1827 2256 Strigonij
1864 2189 2038 2239 anno
2070 2168 2335 2238 Domini
2386 2168 2488 2237 M⁰
2518 2169 2659 2238 00⁰
2689 2170 3042 2240 LXXXX⁰

810 2276 1101 2344 secundo
1134 2276 1199 2344 in
1233 2276 1399 2345 festo
1432 2276 1911 2347 Purificationis
1942 2280 2149 2347 Beate
2183 2277 2487 2365 Virginis.

815 2469 1084 2543 (Hartya.
1110 2470 1394 2544 Hatuljan
1420 2490 1455 2528 a
1479 2490 1635 2545 nagy
1661 2471 1978 2546 pecsetnek
2003 2474 2136 2548 (sig.
2163 2472 2476 2544 Maiestat.)
2504 2492 2730 2546 nyoma.
2756 2474 3044 2548 Pozsony-

970 2561 1274 2633 kaptalani
1301 2561 1774 2634 maganleveltar
1799 2562 1994 2637 Capsa.
2020 2565 2084 2623 C.
2110 2564 2276 2622 Fasc.
2303 2565 2353 2622 4.
2380 2566 2515 2623 Nr0.
2542 2567 2631 2622 36.
2662 2568 2901 2635 Knauae.)
