3416 5313
1763 350 2077 450 ‚ml-33,-

1873 1090 1984 1155 84.

816 1306 877 1371 A
896 1307 1199 1391 pozsonyi
1227 1306 1537 1389 kdptalan
1584 1294 2124 1390 bizonysdqlcvele,
2171 1305 2331 1390 hoqy
2378 1306 2567 1371 nahai
2614 1306 2794 1371 Beeli
2839 1306 3054 1371 Jakab

817 1415 1112 1500 rokonai,
1161 1413 1602 1500 hdtrahayyott
1648 1415 2003 1499 b‘zveyye‘vel
2033 1413 2428 1500 Katalinnal‚
2468 1416 2683 1479 annale
2732 1415 2963 1481 hitbc‘rc
2993 1417 3059 1479 c's

1290 1524 1669 1608 kozomdnya
1698 1524 1876 1587 ircim
1907 1523 2336 1609 cyyezkedtek.
2370 1525 2566 1589 1295.

1606 1739 1682 1806 A.
1902 1741 1972 1803 Β.
2192 1738 2262 1805 G.

1034 1920 1172 1985 Nos
1205 1919 1579 2005 Capitulum
1613 1919 1915 1986 Ecclesie
1947 1919 2374 1987 Posoniensis
2427 1920 2884 2003 significamus
2920 1921 3055 1986 vni·

821 2028 1051 2109 uersis,
1075 2027 1310 2110 quibus
1341 2027 1609 2112 expedit
1642 2022 1816 2113 (per)
1836 2035 2201 2112 presentes,
2226 2030 2402 2110 quod
2436 2027 2801 2096 constitutis
2836 2016 3057 2114 perso·

822 2136 1058 2202 naliter
1090 2154 1311 2202 coram
1341 2137 1530 2203 nobis
1564 2136 1852 2202 Abraam
1871 2135 2005 2201 filio
2038 2136 2310 2203 Ghubun
2346 2157 2461 2222 pro
2492 2159 2584 2221 se,
2608 2145 2673 2203 et
2703 2157 2824 2224 pro
2857 2139 3061 2205 fratre

828 2264 945 2312 suo
980 2246 1197 2326 Isaac,
1233 2243 1490 2328 Egidio,
1524 2242 1729 2310 fratre
1761 2264 1879 2310 suo
1913 2245 2292 2326 Benedicto,
2341 2245 2559 2314 Bekes
2591 2267 2709 2330 pro
2739 2266 2811 2312 se
2845 2253 2912 2312 et
2941 2267 3059 2330 pro

824 2354 1030 2419 fratre
1063 2373 1181 2419 suo
1214 2352 1486 2434 Jacobo‚
1521 2353 1678 2436 filijs
1711 2353 1847 2418 Boc
1881 2353 1966 2418 de
1995 2354 2173 2438 Beel,
2200 2353 2677 2439 jobagionibus
2701 2357 2902 2422 castri
2939 2356 3056 2420 Po·

831 2461 1159 2529 soniensis
1192 2482 1276 2527 ex
1306 2481 1437 2528 una
1469 2467 1675 2547 parte,
1714 2463 1978 2528 domina
2010 2461 2321 2530 Caterina
2352 2481 2553 2528 uxore
2584 2463 2942 2545 Perhtoldi‚
2963 2483 3062 2529 re-

830 2569 992 2635 licta
1024 2569 1266 2638 Jacobi
1295 2566 1416 2654 filij
1440 2568 1702 2634 Endere
1728 2570 1809 2637 de
1843 2569 2003 2637 uilla
2031 2570 2191 2635 Beel
2224 2591 2307 2637 ex
2340 2571 2571 2654 altera,
2608 2571 2813 2655 ijdem
2843 2574 3060 2638 Abra—

836 2701 941 2745 am
974 2713 1063 2726 —-
1095 2712 1182 2725 -
1228 2678 1346 2764 alij
1399 2678 1563 2745 socii
1610 2680 1712 2746 sui
1761 2671 2039 2762 predicti
2092 2679 2502 2747 concorditer
2550 2691 2698 2749 sunt
2753 2682 3064 2760 confessi,

835 2786 1005 2870 quod
1052 2786 1181 2874 ipsi
1232 2788 1315 2853 de
1367 2787 1539 2854 bona
1589 2788 1928 2855 uoluntate
1979 2790 2269 2872 ipsorum
2319 2793 2526 2856 totam
2579 2797 2838 2872 partem
2891 2797 3063 2857 terre

833 2898 990 2963 Beel
1011 2947 1031 2982 ,
1083 2916 1208 2981 que
1239 2894 1566 2979 prefatum
1603 2895 1919 2964 Jacobum
1972 2896 2176 2962 filium
2211 2882 2465 2963 Endere
2506 2904 2865 2982 cognatum
2896 2898 3064 2982 ipso-

833 3027 976 3073 rum
1008 3005 1092 3072 de
1123 3005 1260 3072 iure
1292 3005 1728 3090 contingebat,
1764 3006 2220 3091 permisissent
2253 3005 2465 3073 eidem
2508 3007 2770 3073 domine
2803 3008 3067 3073 racione

838 3116 1013 3184 dotis
1060 3121 1126 3183 et
1174 3115 1626 3182 dotaliciorum
1677 3133 1937 3183 suorum
1958 3165 1975 3198 ‚
2035 3133 2117 3180 ac
2168 3114 2452 3183 omnium
2501 3134 2715 3182 rerum
2778 3122 3069 3202 tempore

841 3222 1223 3308 nupciarum
1255 3242 1471 3289 secum
1492 3224 1865 3307 allatarum,
1902 3243 2111 3309 usque
2132 3222 2375 3290 exitum
2409 3222 2545 3291 uite
2579 3242 2696 3290 sue
2728 3223 3067 3307 possidere

841 3333 1120 3419 pacifice
1151 3338 1217 3397 et
1247 3331 1503 3416 quiete;
1557 3341 1779 3400 tamen
1812 3333 1990 3417 quod
2021 3334 2078 3401 si
2109 3333 2325 3398 medio
2375 3339 2667 3417 tempore
2699 3330 3070 3399 beniuolen-

844 3443 1014 3510 ciam
1045 3440 1254 3525 ipsius
1288 3439 1550 3507 domine
1583 3441 1648 3506 in
1698 3448 1951 3509 tantum
1987 3447 2256 3526 captare
2306 3446 2624 3525 poterunt>
2659 3447 2725 3506 et
2757 3439 3069 3523 fauorem,

843 3551 1019 3638 quod
1054 3570 1175 3637 eys
1207 3550 1429 3617 dotem
1482 3555 1548 3615 et
1579 3550 1893 3616 dotalicia
1926 3569 2047 3619 sua
2097 3548 2464 3636 relaxabit,
2516 3547 2825 3618 consistit
2869 3551 2938 3616 in
2972 3568 3071 3615 ar·

848 3662 1048 3730 bitrio
1082 3658 1346 3727 domine
1367 3665 1769 3746 memorate;
1809 3658 1911 3725 sui
1949 3663 2163 3725 autem
2184 3708 2201 3741 ‚
2235 3657 2479 3725 dictam
2529 3664 2775 3726 terram
2806 3655 3075 3742 propria

847 3771 1129 3856 pecunia
1157 3765 1477 3837 redimere
1508 3769 1940 3852 tenebuntur,
1972 3772 2039 3835 et
2069 3766 2127 3833 si
2158 3767 2477 3835 redimere
2513 3785 2646 3834 non
2676 3767 3068 3844 curauerint,

849 3879 1177 3966 prefatam
1208 3882 1456 3943 terram
1487 3873 1849 3962 uendendi,
1902 3874 2193 3944 donandi
2225 3895 2343 3943 seu
2392 3875 2656 3961 legandi
2702 3894 2821 3959 pro
2856 3875 3078 3941 anima

852 4009 976 4057 sua
1007 3989 1115 4055 uel
1145 3993 1491 4071 parentum
1523 4004 1786 4053 suorum
1808 3985 2085 4053 liberam
2103 3981 2374 4053 habebit
2405 3984 2784 4053 facultatem
2810 3983 3078 4051 domina

850 4100 1217 4184 prenotata.
1271 4093 1657 4179 obligantes
1690 4114 1763 4161 se
1810 4101 2035 4179 partes
2080 4094 2148 4159 in
2196 4094 2402 4161 nostri
2449 4094 2794 4179 presencia
2842 4101 3064 4161 mutuo

853 4205 984 4274 fide
1017 4204 1214 4286 data,
1246 4201 1423 4287 quod
1453 4221 1575 4270 nec
1607 4202 1874 4269 domina
1909 4201 2218 4272 Caterina
2236 4250 2255 4284 ,
2308 4221 2432 4268 nec
2465 4202 2762 4270 Abraam
2793 4222 2938 4269 cum
2974 4222 3074 4267 co-

853 4315 1072 4404 gnatis
1103 4311 1240 4382 suis
1272 4311 1668 4397 supradictis
1688 4362 1707 4396 ,
1744 4317 1976 4381 contra
2009 4308 2290 4379 eandem
2323 4311 2657 4378 dominam
2690 4310 2893 4397 litem,
2927 4331 3077 4381 con·

858 4423 1224 4492 tencionem
1252 4419 1363 4487 uel
1415 4418 1684 4503 aliquod
1716 4419 2017 4487 iniurium
2058 4419 2477 4504 excitabunt,
2525 4437 2744 4504 ymmo
2778 4420 2954 4486 omni
2987 4418 3080 4489 fa-

861 4553 1018 4602 uore
1050 4536 1114 4599 et
1144 4527 1505 4597 dileccione
1524 4578 1542 4613 ,
1594 4547 1792 4613 quam
1823 4534 2171 4615 poterunt,
2223 4545 2298 4593 se
2328 4533 2551 4613 partes
2585 4532 2799 4594 mutuo
2833 4527 3075 4615 impen-

857 4644 1011 4712 dere
1042 4640 1450 4710 tenebuntur.
1508 4640 1585 4707 In
1615 4638 1799 4708 cuius
1830 4637 2340 4706 reifmemoriam
2385 4643 2733 4724 presentes
2776 4637 3072 4708 dedimu-
