3416 5313
1352 386 1539 488 ⁷ll

382 606 503 652 sua
535 585 603 650 in
636 585 923 668 Ungarie
974 584 1272 668 partib-us
1324 582 1807 665 contrahenda,
1842 585 1949 650 vel
1995 582 2300 649 habendo
2334 581 2488 648 inde
2519 602 2617 648 re-

380 712 610 773 cessu,
662 692 1009 777 diligenter
1065 691 1366 758 conferas
1420 711 1564 757 cum
1596 691 1832 757 eadem
1855 741 1871 771 ,
1921 690 2110 758 nobis
2132 741 2150 774 ,
2184 690 2358 773 quod
2391 692 2458 754 in
2487 688 2616 756 hac

381 807 572 887 parte
604 801 955 881 inveneris,
994 802 1380 881 quantocius
1402 803 1850 885 rescripturus.
1885 800 2128 865 Datum
2153 797 2326 883 apud
2350 797 2621 864 Urbem-

382 911 684 977 Veterem
719 911 794 974 V.
830 908 983 975 Idus
1016 909 1443 994 Septembris,
1491 908 1918 976 Pontificatus
1950 908 2158 974 nostri
2194 927 2368 975 anno
2401 907 2619 973 tertio.

593 1037 669 1102 In
702 1056 758 1102 e.
811 1060 894 1104 m.
947 1037 1310 1104 venerabili
1359 1035 1546 1102 fratri
1579 1085 1592 1098 .
1627 1087 1643 1102 .
1679 1084 1693 1098 .
1730 1035 2244 1120 Archiepiscopo
2297 1033 2617 1127 Strigoni-

380 1146 541 1235 ensi.¹
570 1145 797 1230 Nuper
828 1144 914 1212 ad
946 1152 1242 1213 nostrum
1269 1146 1566 1231 pervenit
1600 1145 1919 1229 auditum,
1956 1145 2131 1230 quod
2152 1144 2478 1230 quondam
2503 1192 2517 1206 .
2553 1191 2568 1206 .
2605 1192 2619 1207 .

380 1258 519 1320 Rex
553 1254 848 1340 Ungarie
880 1255 963 1322 de
1014 1256 1228 1323 medio
1280 1262 1383 1322 est
1429 1256 1751 1327 sublatus.
1801 1256 1939 1322 Nos
1972 1262 2192 1321 autem
2242 1254 2331 1320 ad
2363 1252 2621 1321 carissi-

379 1385 553 1439 mam
589 1365 657 1430 in
691 1363 955 1431 Christo
975 1365 1178 1432 filiam
1202 1371 1492 1433 nostram
1525 1365 1598 1431 E.
1619 1364 1937 1450 Reginam
1960 1362 2257 1449 Ungarie
2287 1362 2620 1430 Illustrem

379 1478 504 1539 etc.
542 1479 610 1539 ut
644 1492 845 1559 snpra
876 1491 1084 1555 usque
1125 1473 1213 1539 ad
1253 1473 1466 1540 finem.

594 1666 717 1757 (1v‘.
743 1687 954 1743 Mimos
974 1685 1130 1760 papa
1149 1685 1548 1760 Rogestaibffl,
1572 1686 1829 1743 Theium·
1855 1686 1931 1741 id.
1957 1704 2029 1741 m.
2047 1684 2090 1740 1.
2112 1686 2168 1740 k.
2188 1685 2312 1741 368.
2340 1686 2412 1760 1.)

1248 1988 1343 1995 ..m-u
1362 1986 1764 1999 ..ψη-ἡὴ..

1476 2562 1539 2627 7.

380 2761 497 2822 IV.
552 2760 791 2824 Miklo's
849 2764 1032 2848 pcipa
1080 2763 1441 2827 Benvenuto
1491 2760 1784 2847 euyubiai
1828 2762 2195 2849 pitspb'knelc
2244 2760 2634 2850 meyhaqyja‚

379 2868 538 2954 hoyy
585 2868 897 2954 ‘vizsycilja
947 2892 1098 2954 τηειρ,
1149 2871 1230 2932 ka
1274 2874 1471 2955 *vajon
1517 2870 1638 2934 IV.
1687 2868 1920 2933 dezlo'
1961 2892 2227 2955 mayyar
2272 2871 2487 2957 kirdly
2526 2872 2632 2934 ha-

574 2976 708 3040 la'la
754 2977 964 3062 idejen
1015 3000 1057 3039 a
1103 2977 1435 3044 katholika
1482 2978 1714 3063 eyyhdz
1761 2976 1901 3041 hive
1948 2978 2179 3041 volt-e?
2223 2981 2419 3044 1290.

619 3192 932 3259 Nicolaus
992 3189 1369 3280 Episcopus‘
1416 3214 1650 3262 seruus
1700 3213 2035 3260 seruorum
2085 3195 2211 3261 Dei
2262 3196 2628 3263 venerabili

372 3304 562 3369 fratri
595 3303 668 3366 B.
705 3302 1034 3388 Episcopo
1066 3306 1462 3389 Eugubino,
1496 3305 1884 3391 Apostolice
1941 3305 2135 3373 Sedis
2168 3306 2421 3393 Legato
2457 3306 2628 3373 salu-

373 3420 502 3479 tem
542 3417 609 3478 et
643 3412 1094 3497 Apostolicam
1127 3414 1668 3484 benedictionem.
1707 3412 1967 3481 Dudum
2010 3413 2363 3495 fidedignis
2398 3416 2615 3480 relati·

372 3523 495 3592 bus
527 3521 616 3587 ad
646 3520 1032 3606 Apostolice
1067 3524 1264 3591 Sedis
1313 3523 1632 3611 perducto
1674 3523 2031 3607 noticiam,
2084 3523 2259 3604 quod
2302 3523 2624 3605 quondam

376 3683 389 3697 .
429 3680 442 3693 .
481 3679 493 3692 .
527 3631 668 3694 Rex
701 3628 1015 3715 Ungarie‚
1049 3653 1271 3719 nuper,
1306 3640 1376 3699 ut
1410 3632 1663 3713 dicitur,
1718 3634 2015 3699 sublatus
2048 3633 2131 3706 de
2167 3632 2398 3714 medi0‚
2437 3651 2625 3703 vesa-

376 3738 479 3805 nis
516 3737 847 3805 adherens
882 3742 1202 3827 consiliis,
1241 3751 1303 3809 et
1337 3764 1379 3808 a
1409 3741 1754 3812 Catholice
1776 3739 1928 3807 fidei
1961 3747 2143 3807 recta
2174 3743 2410 3807 semita
2440 3763 2622 3827 gres-

377 3849 556 3915 sibus
590 3848 874 3925 ruinosis
913 3851 1291 3918 exorbitans
1324 3854 1483 3917 etin
1520 3851 1779 3917 devium
1834 3849 2131 3935 dilapsus
2172 3852 2450 3938 erroris,
2504 3872 2622 3920 sue

374 3960 610 4050 salutis
661 3958 1198 4027 consideratione
1237 3959 1649 4046 postposita,
1722 3976 1795 4023 se
1842 3956 1910 4023 in
1959 3958 2199 4028 Divine
2248 3960 2619 4034 Maiestatis

370 4073 812 4160 contemptum
847 4074 915 4132 et
941 4070 1141 4133 totius
1176 4067 1693 4144 Christianitatis
1731 4067 2174 4152 opprobrium
2208 4087 2354 4133 cum
2384 4067 2617 4137 Tarta-

369 4177 479 4258 ris‚
503 4176 911 4261 Sarracenis,
945 4167 1294 4261 Neugeriis
1319 4183 1382 4244 et
1405 4175 1687 4261 paganis
1710 4177 2229 4246 conversationis
2257 4177 2617 4264 dampnate

372 4283 758 4352 commercio
792 4285 1400 4354 confederationem
1436 4287 1717 4353 duxerat
1749 4286 2123 4370 ineundam,
2166 4288 2496 4373 nepharia
2529 4290 2619 4353 vi-

368 4395 565 4460 vendi
599 4395 987 4480 specialiter
1020 4415 1163 4461 cum
1199 4393 1445 4465 eisdem
1478 4394 1827 4479 Nengeriis
1863 4416 2094 4464 norma
2126 4401 2390 4480 sumpta
2412 4445 2430 4479 ‚
2465 4396 2612 4464 red·

369 4501 585 4570 dendo
619 4525 689 4569 se
722 4503 1001 4587 proinde
1032 4504 1426 4588 redemptori
1463 4503 1746 4570 omnium
1781 4510 1845 4568 et
1885 4502 2254 4570 hominibus
2288 4503 2603 4587 odiosum,

368 4611 578 4678 felicis
647 4611 1121 4680 recordationis
1175 4612 1506 4679 Honorius
1573 4614 1760 4698 Papa
1812 4621 2082 4696 quartus
2103 4664 2121 4698 ,
2173 4614 2612 4698 predecessor

368 4725 609 4804 noster,
643 4719 970 4811 prefatum
1000 4721 1246 4806 Regem
1281 4721 1368 4788 ad
1401 4723 1530 4791 vite
1563 4720 1923 4790 laudabilis
1952 4724 2188 4791 vstudia
2220 4730 2289 4790 et
2322 4723 2605 4795 salubris
