3416 5313
1669 417 1676 420 .
1705 320 1988 424 ΞΕ..

701 528 779 597 G.
812 527 938 598 rite
970 526 1195 596 tulerit
1224 525 1293 592 in
1328 523 1634 611 rebelles,
1667 530 1884 592 ratam
1916 517 2311 590 habebimus
2362 520 2430 584 et
2480 512 2806 584 faciemus
2838 530 2956 578 au-

696 641 880 707 ctorc
909 636 1197 706 Domino
1229 653 1435 720 usque
1486 631 1574 702 ad
1605 633 2129 703 satisfactionem
2167 625 2569 712 condignam
2601 621 2954 691 inviolabi-

697 748 848 817 liter
877 744 1233 815 observari.
1282 747 1526 812 Datum
1561 742 1875 812 Laterani
1906 743 1984 808 V.
2016 737 2350 807 kalendas
2380 731 2750 803 Februarii.
2791 731 2959 798 Pon-

699 855 984 925 tificatus
1017 851 1226 922 nostri
1261 871 1438 919 anno
1472 852 1723 935 quinto.

702 1049 779 1121 (V
781 1048 879 1105 111.
903 1047 1185 1106 Bonifacz
1208 1046 1367 1122 papa
1389 1045 1774 1119 Regestaibol
1792 1045 2049 1103 Theiner
2068 1044 2446 1102 Monumenta
2473 1041 2585 1098 stb.
2613 1039 2657 1095 1.
2682 1038 2805 1092 kot.
2831 1032 2960 1092 382.

794 1142 833 1197 1.
859 1138 1054 1197 Revid
1079 1138 1387 1197 toredckct
1411 1140 1647 1197 kozolte
1674 1136 1847 1210 Fejdr
1873 1136 2016 1195 eod.
2038 1135 2199 1208 Dipl.
2229 1135 2329 1192 VI.
2353 1135 2475 1191 kot.
2500 1132 2553 1187 2.
2580 1149 2627 1185 r.
2652 1128 2859 1199 2231.)

1757 1964 1900 2031 141.

699 2162 762 2231 A
785 2165 962 2252 pe‘csi
979 2163 1235 2250 paspb‘k
1286 2161 1815 2249 bizonysciylevcle
1835 2214 1854 2248 ‚
1886 2162 2092 2227 Jcinos
2126 2159 2341 2224 Imbur
2373 2159 2608 2244 ficinak
2662 2158 2964 2225 dvdsdrdl

1324 2268 1524 2353 Gylet,
1558 2264 1746 2355 Gylet
1761 2268 1894 2353 fiai
1924 2267 2101 2336 ellan.
2135 2261 2332 2335 1299.

919 2468 1059 2535 Nos
1093 2467 1164 2532 P.
1199 2465 1444 2533 Diuina
1495 2464 1934 2534 miseracione
1963 2464 2341 2552 Episcopus
2379 2464 2964 2550 Quinqueecclesi·

708 2577 891 2645 ensis
924 2576 1235 2642 memorie
1287 2575 1859 2660 commendamus,
1913 2575 2091 2659 quod
2124 2572 2467 2643 Johannes
2514 2573 2690 2643 filius
2740 2574 2964 2642 Imbur

709 2684 796 2752 de
844 2686 1107 2769 Posega
1157 2683 1244 2750 ad
1295 2693 1589 2751 nostram
1643 2683 2022 2752 accedendo
2075 2683 2492 2771 presenciam
2543 2702 2656 2768 per
2704 2685 2965 2752 modum

707 2793 1224 2881 protestacionis
1276 2791 1441 2861 dixit
1472 2798 1537 2860 et
1591 2792 1872 2860 dicendo
1904 2798 2313 2879 protestatus
2354 2798 2491 2877 cst,
2545 2793 2722 2876 quod
2755 2792 2966 2877 Magi-

703 2910 838 2971 ster
872 2903 1149 2990 Gyletus
1182 2902 1359 2970 filius
1394 2900 1622 2988 Gyleti
1654 2900 1871 2984 ipsum
1906 2902 1988 2968 de
2039 2900 2574 2986 possessionibus
2627 2900 2769 2969 suis
2802 2900 2962 2967 effu-

655 3009 659 3013 ’
704 3010 954 3093 gisset,
1009 3029 1088 3077 ac
1137 3009 1601 3095 possessiones
1655 3027 1814 3076 suas
1866 3008 2335 3092 destruxisset,
2369 3016 2436 3075 et
2472 3009 2666 3075 citari
2705 3010 2963 3077 faceret

706 3120 986 3188 eundem
1019 3119 1086 3184 in
1122 3118 1295 3186 facie
1326 3117 1817 3203 possessionum
1853 3117 2232 3202 earundem,
2268 3117 2357 3184 ad
2389 3116 2578 3185 cuius
2612 3116 2962 3187 citacionis

707 3225 941 3293 seriem
979 3225 1435 3312 exequendam
1469 3225 1552 3291 ob
1587 3221 1832 3295 metum
1885 3223 2183 3293 eiusdem
2212 3225 2519 3312 Magistri
2552 3224 2822 3315 Gylethi
2853 3246 2962 3293 ac-

706 3330 943 3403 cedere
976 3332 1378 3419 formidaret,
1413 3339 1479 3400 et
1500 3331 1674 3415 quod
1706 3352 1908 3399 unum
1933 3333 2208 3400 fratrem
2243 3333 2458 3419 ipsius
2492 3332 2709 3400 occidi
2728 3339 2796 3403 et
2826 3354 2964 3402 ser-

701 3439 993 3510 vientem
1023 3460 1213 3509 suum
1261 3444 1611 3510 vulnerare
1662 3441 1895 3508 fecerit
1926 3441 1997 3507 in
2028 3442 2241 3527 ipsius
2280 3442 2717 3529 preiudicium
2769 3449 2838 3511 et
2868 3444 2963 3510 ia·

710 3553 984 3616 cturam.
1032 3549 1277 3617 Datum
1316 3548 1922 3633 Quinqueecclesiis
1975 3548 2042 3615 in
2068 3550 2348 3618 octavis
2400 3552 2775 3638 Epiphanie
2825 3554 2960 3622 Do-

706 3657 867 3725 mini
896 3676 1071 3727 anno
1106 3656 1371 3728 Domini
1402 3657 1505 3728 Μο
1536 3656 1681 3725 00⁰
1713 3657 2148 3745 nonagesimo
2182 3678 2377 3727 nono.

1529 3850 1643 3925 (ΑΖ
1683 3852 1905 3911 eredeti
1940 3850 2128 3925 utan.)

1614 4151 2068 4170 m
