3416 5313
1355 374 1630 472 ,Q

1432 1043 1546 1108 68.

363 1244 594 1308 Εάεείό
620 1251 854 1325 mester,
884 1240 1129 1304 Thekus
1157 1238 1428 1326 qrdffia
1460 1240 1646 1304 Peter
1676 1242 2035 1323 mesternck,
2072 1241 2366 1308 Tivadar
2381 1242 2614 1326 fidnak

651 1349 787 1415 bei-r
820 1348 1135 1414 Kerechen
1167 1348 1527 1435 helyseqben
1559 1371 1670 1435 eqy
1703 1349 2092 1415 birtokreszt.
2129 1352 2327 1417 1294.

590 1546 909 1614 Omnibus
942 1546 1188 1616 Christi
1239 1544 1544 1614 fidelibus
1579 1553 1715 1613 tam
1760 1549 2177 1634 presentibus
2217 1568 2410 1632 quam
2449 1548 2616 1614 futu·

367 1658 461 1725 ris
514 1674 787 1743 presens
837 1658 1152 1742 scriptum
1205 1656 1600 1743 inspecturis
1651 1658 1973 1745 Magister
2024 1656 2376 1726 Ladislaus
2430 1658 2607 1725 filius

367 1764 646 1834 Comitis
678 1765 952 1833 Thekus
984 1752 1263 1831 salutem
1300 1767 1366 1832 in
1400 1766 1686 1834 omnium
1720 1767 2081 1834 saluatore.
2118 1770 2217 1835 Ne
2257 1768 2466 1852 gestis
2499 1787 2610 1834 an·

366 1875 635 1959 tiquitas
668 1876 890 1941 valeat
918 1874 1265 1941 nouercari
1288 1926 1302 1955 ,
1359 1880 1422 1939 et
1457 1895 1575 1958 ea,
1629 1894 1754 1957 que
1789 1873 2284 1942 racionabiliter
2330 1882 2608 1961 aguntur

365 1984 433 2051 in
467 1989 763 2067 tempore
796 2003 879 2050 ne
914 2003 1054 2048 cum
1109 1984 1254 2069 ipso
1290 1990 1584 2068 tempore
1615 1983 1881 2052 facilius
1928 1983 2317 2069 elabantur,
2370 1984 2603 2052 sollers

367 2090 695 2158 hominum
746 2110 946 2158 causa
997 2091 1339 2159 adinuenit
1391 2092 1762 2159 testimonio
1814 2092 2285 2177 scripturarum
2329 2113 2606 2161 commu-

368 2200 512 2267 niri.
547 2197 825 2266 Proinde
858 2200 945 2266 ad
995 2204 1448 2268 vniuersorum
1485 2207 1621 2266 tam
1660 2204 2073 2286 presencium
2127 2223 2325 2286 quam
2362 2202 2604 2270 futuro·

360 2329 499 2376 rum
531 2309 840 2375 noticiam
873 2309 1110 2376 harum
1145 2310 1314 2377 serie
1344 2310 1643 2377 volumus
1678 2311 2042 2399 pervenire,
2092 2312 2268 2395 quod
2302 2331 2418 2380 nos
2459 2331 2603 2379 con-

362 2417 672 2486 sideratis
722 2417 1073 2486 meritoriis
1124 2418 1425 2486 serviciis
1463 2418 1763 2502 magistri
1816 2421 1991 2486 Petri
2030 2418 2145 2485 filii
2198 2419 2529 2489 Theodori
2561 2441 2602 2486 a

361 2527 671 2614 primeuis
705 2527 998 2612 puericie
1031 2545 1145 2594 sue
1178 2527 1584 2612 temporibus
1618 2530 1680 2592 in
1723 2529 2002 2597 diuersis
2052 2529 2319 2595 casibus
2356 2537 2421 2595 et
2452 2549 2601 2598 cau-

362 2636 454 2704 sis
486 2635 729 2702 nostris
764 2633 1043 2704 fideliter
1074 2636 1266 2704 nobis
1322 2636 1636 2704 exhibitis
1671 2642 1735 2706 et
1771 2638 2007 2706 devote
2029 2687 2047 2720 ,
2105 2645 2168 2706 et
2220 2639 2600 2725 specialiter

363 2749 572 2812 morte
603 2745 840 2812 Jacobi
868 2743 990 2812 filii
1021 2744 1267 2814 sororis
1303 2765 1420 2812 sue
1454 2751 1519 2811 et
1550 2745 1800 2813 Thome
1827 2746 2091 2830 cognati
2127 2748 2251 2831 sui,
2301 2768 2499 2832 quam
2534 2751 2600 2816 in

363 2852 782 2923 defendendo
816 2874 935 2921 nos
970 2854 1039 2920 in
1073 2855 1359 2937 quadam
1393 2856 1821 2945 expedicione
1863 2857 2140 2928 viriliter
2173 2860 2603 2943 persoluerat‚

364 2963 697 3048 quandam
749 2964 1144 3049 particulam
1196 2973 1368 3030 terre
1397 2965 1481 3031 de
1515 2969 1692 3032 terra
1745 2971 1972 3034 nostra
2022 2966 2424 3033 hereditaria
2475 2966 2605 3034 Ke-

365 3072 607 3141 rechen
639 3078 876 3141 vocata
911 3072 1205 3140 abcisam
1224 3121 1243 3157 ‚
1293 3079 1358 3139 et
1392 3074 1566 3141 bona
1599 3074 1940 3141 voluntate
1974 3081 2040 3140 et
2072 3074 2461 3142 induccione
2495 3076 2602 3143 Jo-

366 3180 600 3248 hannis
630 3180 750 3248 filii
782 3180 988 3247 nostri
1037 3180 1393 3265 karissimi,
1428 3187 1492 3246 et
1539 3181 1773 3248 Lachk
1796 3232 1813 3265 ‚
1851 3182 2211 3267 Stephani,
2266 3182 2597 3273 Dyonisii,

366 3288 715 3357 Laurencii
749 3298 812 3354 et
841 3288 1129 3356 Borandi
1159 3288 1434 3356 filiorum
1487 3292 1788 3375 magistri
1823 3290 2184 3378 Stephani,
2238 3312 2316 3358 ac
2349 3294 2601 3361 Johan-

366 3400 468 3465 nis
499 3398 622 3464 filii
652 3397 957 3484 magistri
987 3398 1295 3486 Dyonisii
1314 3449 1331 3482 ,
1387 3407 1453 3464 et
1487 3399 1757 3467 Thekus
1789 3400 1906 3469 filii
1938 3403 2117 3470 Bach
2167 3402 2441 3469 fratrum
2487 3423 2594 3471 no-

365 3516 647 3578 strorum
681 3508 1206 3587 karissimorum,
1241 3528 1382 3574 cum
1418 3511 1718 3577 omnibus
1749 3509 2147 3602 Vtilitatibus
2182 3511 2320 3580 suis
2356 3523 2418 3578 et
2450 3532 2594 3598 per-

364 3618 670 3687 tinenciis
703 3617 1028 3687 vniuersis
1050 3669 1068 3704 ,
1120 3627 1187 3686 et
1219 3620 1601 3704 specialiter
1633 3641 1780 3689 cum
1832 3622 1979 3689 loco
2024 3622 2221 3689 turris
2274 3620 2339 3688 in
2372 3623 2602 3688 eadem

362 3728 691 3817 particula
724 3733 901 3794 terre
934 3727 1262 3807 existenti,
1298 3726 1604 3795 dedimus
1626 3778 1642 3811 ,
1683 3730 2074 3797 donauimus
2108 3737 2170 3795 et
2211 3730 2602 3799 contulimus

366 3838 581 3905 eidem
613 3837 930 3921 magistro
963 3834 1158 3906 Petro
1181 3886 1199 3921 ‚
1256 3843 1320 3903 et
1351 3857 1472 3923 per
1506 3858 1652 3904 eum
1685 3838 1825 3906 suis
1861 3838 2230 3921 heredibus,
2267 3839 2601 3906 heredum-

364 3965 487 4031 que
519 3964 786 4011 suorum
818 3944 1316 4012 successoribus
1348 3945 1491 4014 iure
1533 3945 1939 4013 hereditario
1973 3947 2251 4033 pacifice
2286 3953 2352 4013 et
2384 3950 2603 4032 quiete

362 4075 442 4122 ac
490 4051 1012 4122 irreuocabiliter
1063 4054 1533 4140 possidendam
1587 4056 1832 4140 pariter
1884 4064 1948 4121 et
2001 4054 2347 4121 habedam.
2400 4058 2603 4144 Cujus

363 4165 621 4249 quidem
654 4164 976 4248 particule
1005 4169 1176 4230 terre
1200 4171 1371 4231 mete
1403 4165 1530 4233 hoc
1553 4163 1782 4232 ordine
1816 4164 2347 4247 distinguuntur:
2388 4168 2604 4234 Prima

362 4279 540 4339 meta
588 4272 819 4358 incipit
866 4293 909 4339 a
951 4274 1100 4341 loco
1133 4272 1330 4340 turris
1382 4278 1775 4359 memorate,
1829 4272 2258 4343 distinccione
2304 4275 2605 4342 tendenti

362 4402 594 4453 versus
628 4387 836 4450 metas
869 4385 1157 4469 Forrou3
1190 4382 1430 4449 deinde
1462 4383 1657 4449 vertit
1689 4385 1774 4450 ad
1809 4389 2062 4467 partem
2100 4383 2596 4452 meridionalem

355 4495 551 4580 juxta
583 4499 824 4558 terram
876 4490 1156 4560 filiorum
1189 4494 1426 4561 Jacobi
1479 4498 1543 4558 et
1573 4491 1848 4559 fratrum
1902 4511 2204 4578 suorum;
2259 4498 2326 4558 et
2359 4491 2598 4559 deinde

365 4600 557 4670 vadit
581 4600 670 4669 ad
702 4600 1016 4669 orientem
1046 4620 1274 4669 versus
1307 4608 1552 4668 terram
1583 4598 2029 4686 Gochafelde3
2066 4606 2130 4667 et
2160 4599 2247 4667 ab
2280 4602 2432 4669 inde
2467 4607 2606 4669 ten-

364 4710 462 4779 dit
492 4728 717 4777 versus
748 4709 1302 4797 septemtrionem,
1336 4709 1493 4776 item
1526 4707 1616 4776 ad
1634 4708 2002 4796 predictam
2035 4716 2271 4775 terram
2304 4707 2607 4795 magistri
