3416 5313
1753 409 2069 510 *332-

793 627 986 677 cessa
1016 616 1188 695 sunt,
1219 607 1611 676 inconuulsa
1639 624 2000 675 seruamus.
2042 605 2143 674 Ea
2173 608 2441 691 propter
2471 603 2561 674 ad
2592 605 3036 673 vniuersorum

791 718 1094 788 noticiam
1125 720 1354 786 harum
1391 717 1558 784 serie
1591 717 1889 784 volumus
1922 716 2297 800 pervenire,
2334 715 2511 798 quod
2550 735 2695 781 cum
2731 734 2852 781 nos
2884 732 3039 777 eon·

791 828 1002 894 stricti
1034 827 1322 910 suscepti
1357 824 1696 912 regiminis
1728 825 1993 906 aculeis,
2028 824 2255 893 habito
2291 823 2565 892 consilio
2597 824 2884 890 omnium
2913 822 3041 888 Ba-

789 954 1016 1003 ronum
1047 941 1414 1003 nostrorum
1445 934 1785 1002 nobiscum
1819 932 2283 1019 assidencium,
2310 933 2658 1001 vniuersos
2695 932 2938 1000 Olacos
2974 928 3039 993 in

785 1044 1318 1129 possessionibus
1350 1043 1683 1129 nobilium,
1720 1045 1829 1111 vel
1861 1044 2299 1128 quorumlibet
2339 1043 2615 1112 aliorum
2646 1041 3037 1120 residentes,

684 1152 689 1153 ⁷
794 1171 874 1221 ac
905 1151 1202 1240 predium
1231 1159 1524 1221 nostrum
1555 1151 1811 1239 Regale
1864 1154 2114 1221 Scekes
2146 1159 2448 1222 vocatum
2471 1198 2489 1233 ,
2543 1151 3040 1219 ordinassemus

788 1261 1127 1346 reuocari,
1176 1262 1402 1329 reduci
1452 1269 1517 1328 et
1568 1262 1780 1329 eciam
1832 1261 2140 1347 compelli
2191 1261 2412 1330 redire
2443 1261 2688 1328 inuitos
2708 1311 2725 1344 ,
2778 1259 2836 1326 si
2866 1257 3036 1324 forte

787 1376 1014 1438 nostre
1045 1370 1113 1437 in
1146 1368 1270 1436 hac
1302 1372 1491 1455 parte
1524 1389 1654 1439 non
1683 1369 2188 1455 'acquiescerent
2235 1388 2475 1457 parere
2518 1367 2848 1456 jussionj;
2883 1365 3040 1449 quia

794 1484 1015 1544 tamen
1049 1476 1240 1544 nobis
1261 1477 1553 1545 constitit
1573 1476 1930 1563 evidenter,
1952 1478 2285 1546 dominum
2304 1475 2689 1546 Ladislaum
2712 1474 3039 1558 quondam

786 1584 1282 1655 Serenissimum
1312 1587 1563 1674 Regem
1614 1587 1953 1675 Hungarie
1987 1588 2394 1655 carissimum
2427 1586 2697 1654 fratrem
2746 1589 3039 1652 nostrum

785 1697 1168 1783 patruelem,
1202 1693 1513 1782 Capitulo
1548 1695 1854 1764 Albensis
1905 1694 2205 1764 Ecclesie
2235 1694 2730 1776 Transsiluane,
2775 1691 2858 1757 ob
2891 1710 3036 1758 suo-

783 1824 923 1871 rum
955 1802 1404 1872 remissionem
1427 1812 1841 1892 peccatorum
1862 1804 2238 1873 huiusmodi
2272 1804 2660 1873 donacionis
2692 1799 3037 1886 beneficijs

787 1913 1182 1998 excrevisse,
1215 1919 1284 1978 ut
1316 1914 1383 1981 in
1415 1915 1810 1997 quibusdam
1860 1916 2050 1981 terris
2084 1913 2295 2001 ipsius
2350 1912 2638 2002 Capituli
2668 1907 2937 1999 Fylesd,
2971 1913 3038 1974 et

782 2023 978 2092 Ennd
1008 2023 1288 2108 uocatis,
1323 2042 1366 2088 a
1398 2024 1594 2089 terris
1646 2023 2140 2110 episcopalibus
2191 2021 2518 2089 distinctis
2569 2026 2634 2088 et
2684 2016 3033 2103 separatis,

781 2132 1132 2218 sexaginta
1161 2131 1539 2199 mansiones
1573 2130 1919 2201 Olacorum
1953 2132 2154 2201 libere
2190 2140 2256 2198 et
2286 2149 2517 2198 secure
2548 2132 2820 2200 ualeant
2856 2146 3024 2192 com-

783 2244 1066 2326 morari,
1116 2243 1202 2308 ab
1253 2242 1947 2324 omnique-exaccione
1999 2262 2116 2309 seu
2161 2243 2442 2308 collecta
2473 2237 2734 2325 Regali,
2774 2235 3032 2304 scilicet

784 2351 1364 2438 quinquagesima,
1400 2348 1659 2419 decima
1689 2353 1801 2417 uel
1835 2369 2225 2433 quacunque
2274 2350 2432 2434 alia,
2466 2348 2673 2433 ijdem
2706 2344 2893 2412 Olaci
2926 2363 3032 2409 ex·

781 2470 990 2526 torres
1023 2458 1389 2529 habeantur
1419 2456 1688 2542 penitus
1724 2465 1788 2524 et
1821 2458 2163 2541 immuneS,
2199 2464 2391 2541 prout
2421 2457 2545 2523 hec
2571 2456 2793 2524 omnia
2822 2454 2888 2519 in
2924 2450 3025 2517 lit·

779 2568 936 2637 teris
958 2567 1235 2653 predicti
1259 2565 1460 2653 Regis
1492 2567 1785 2634 Ladizlai
1821 2567 2065 2634 exinde
2092 2568 2428 2652 confectis,
2462 2573 2529 2632 et
2552 2565 2769 2647 eciam
2788 2561 3029 2630 nostris

783 2674 1318 2745 confirmantibus
1340 2683 1636 2743 tenorem
1655 2676 1990 2745 literarum
2023 2677 2365 2744 memorati
2386 2676 2612 2761 Regis,
2638 2673 3022 2759 plenissime

780 2785 1059 2853 vidimus
1112 2783 1453 2851 contineri.
1487 2786 1623 2849 Nos
1666 2787 2083 2853 attendentes
2113 2786 2284 2854 hanc
2318 2784 2758 2852 donacionem
2806 2805 2848 2850 a
2879 2800 3025 2865 pre·

779 2892 916 2960 fato
947 2892 1126 2979 Rege
1158 2890 1471 2960 Ladizlao
1506 2892 1856 2962 salubriter
1891 2913 2038 2962 esse
2073 2894 2340 2978 factam,
2377 2913 2524 2960 cum
2556 2891 2853 2958 Ecclesie
2887 2908 3028 2974 pre-

779 3001 967 3068 cibus
998 2999 1234 3083 magis,
1266 3019 1458 3083 quam
1475 2999 1763 3070 humano
1784 3002 2028 3070 auxilio
2059 3009 2351 3069 nostrum
2381 3002 2725 3088 imperium
2747 3006 3025 3080 tueatur,

781 3114 844 3174 et
869 3107 952 3174 ob
972 3107 1098 3174 hoc
1118 3104 1394 3191 predicti
1413 3108 1616 3195 Regis
1636 3108 1938 3177 Ladizlai
1959 3110 2261 3194 uestigijs
2283 3110 2351 3176 in
2375 3109 2502 3177 hac
2521 3115 2707 3195 parte
2729 3109 3029 3174 inherere

782 3216 1139 3302 cupientes,
1163 3214 1596 3283 donacionem
1617 3220 1976 3303 sexaginta
1996 3218 2408 3286 mansionum
2432 3216 2795 3300 Olacorum‚
2816 3219 2902 3285 ab
2924 3233 3029 3282 eo·

777 3325 926 3391 dem
959 3322 1257 3408 predicto
1292 3322 1598 3409 Capitulo
1631 3325 1897 3409 factam,
1948 3332 2159 3393 ratam
2194 3327 2510 3394 habemus
2560 3331 2625 3392 et
2658 3331 3025 3410 acceptam,

778 3429 900 3497 sub
933 3449 1015 3499 ea
1031 3428 1454 3512 immunitate,
1474 3431 1750 3499 liberate
1774 3439 1839 3497 et
1866 3432 2290 3518 plenitudine,
2325 3452 2449 3516 que
2470 3433 2767 3517 superius
2801 3433 3027 3515 singil-

777 3538 986 3623 latim,
1019 3544 1083 3605 et
1113 3538 1489 3626 expressius
1510 3540 1900 3626 explicatur,
1934 3560 2210 3625 eamque
2242 3542 2634 3610 auctoritate
2667 3542 2868 3610 nostri
2900 3544 3027 3629 pri·

777 3646 1010 3733 uilegii
1032 3645 1504 3713 confirmamus.
1528 3646 1714 3715 Vnde
1736 3650 2034 3718 volumus
2067 3657 2133 3715 et
2164 3650 2579 3736 precipimus,
2613 3649 2789 3733 quod
2808 3649 3027 3717 nullus

775 3758 1193 3824 collectorum
1242 3777 1362 3824 seu
1414 3767 1790 3827 exactorum
1843 3761 2113 3845 Regalis
2171 3760 2427 3834 decime
2477 3780 2595 3829 seu
2627 3762 3024 3846 quinquage-

779 3866 945 3932 sime
978 3867 1086 3932 uel
1117 3865 1543 3934 collectarum
1574 3869 2015 3952 quarumlibet
2052 3889 2173 3954 pro
2205 3876 2498 3955 tempore
2529 3869 3024 3937 constitutorum

777 3972 1065 4043 Olachos
1096 3973 1305 4059 ipsius
1338 3975 1645 4061 Capituli,
1683 3976 1752 4042 in
1783 3977 2022 4044 litteris
2073 3976 2211 4043 suis
2243 3977 2543 4063 superius
2595 3973 3025 4063 comprehen-

774 4083 868 4151 sis
901 4082 1261 4150 residentes
1282 4101 1489 4165 usque
1512 4102 1849 4150 numerum
1868 4083 2206 4172 prefixum,
2231 4087 2473 4154 audeat
2506 4087 2881 4171 molestare,
2903 4105 3022 4151 nec

775 4191 1407 4278 quinquagesimam,
1432 4191 1775 4278 decimam,
1810 4212 1927 4262 seu
1960 4195 2383 4262 exaccionem
2432 4193 2632 4264 aliam
2666 4193 3026 4279 quamlibet

777 4301 1043 4389 exigere
1074 4308 1412 4387 presumat
1462 4302 1547 4369 ab
1579 4301 1840 4369 iisdem.
1893 4303 1978 4370 Vt
2008 4304 2205 4387 igitur
2238 4303 2432 4389 hujus
2473 4312 2698 4372 nostre
2728 4305 3023 4373 ratihibi-

780 4411 991 4481 cionis
1025 4417 1092 4478 et
1111 4409 1636 4480 confirmacionis
1665 4411 1892 4496 series,
1924 4415 2121 4481 robur
2154 4412 2454 4497 optineat
2484 4421 2800 4499 perpetue
2831 4412 3022 4479 firmi-

771 4520 927 4588 tatis
947 4569 964 4603 ,
1000 4539 1119 4587 nec
1173 4539 1486 4606 processu
1515 4528 1880 4606 temporum
1913 4520 1983 4588 in
2015 4522 2264 4589 irritum
2296 4522 2505 4605 possit
2523 4521 2843 4610 reuocari,
2877 4542 3018 4607 pre-

774 4635 1000 4701 sentes
1049 4631 1487 4699 concessimus
1540 4631 1798 4698 litteras
1850 4630 2132 4716 duplicis
2164 4629 2371 4718 sigilli
2402 4632 2609 4700 nostri
2651 4632 3016 4699 *munimine

767 4737 1566 4832 roboratassDatumxper
1595 4759 1830 4812 manus
1862 4740 2135 4812 discreti
2165 4741 2292 4808 viri
2323 4740 2623 4827 magistri
2655 4740 3011 4829 Theodori,
