3416 5313
1809 429 2131 526 „1-22„

853 621 1110 692 Petrum
1167 622 1240 688 V.
1295 624 1631 693 Kalendas
1680 622 2109 705 Novembris,
2176 624 2600 691 Pontificatus
2658 626 2861 691 nostri
2909 644 3082 692 anno

856 750 1084 816 primo.

994 871 1171 943 (vm.
1199 871 1476 929 Bonifacz
1513 872 1669 945 papa
1694 872 2072 947 Regestaibol
2098 874 2352 930 Theiner
2376 875 2450 928 id.
2477 892 2550 932 m.
2579 874 2620 927 Ι.
2648 874 2706 929 k.
2731 872 2853 931 380.
2879 874 2938 943 l.)

1909 1722 2020 1787 ¹29.

937 1921 1122 1985 Peter
1154 1920 1392 2007 erdelyi
1421 1921 1673 2006 puspb'k
1706 1942 1748 1981 a
1781 1920 1962 1985 sardi
1991 1918 2297 2004 vendeyek
2312 1922 2531 2008 joyait
2569 1920 2996 2008 szahcilyozza.

1872 2029 2065 2094 1295.

1058 2229 1199 2295 Nos
1235 2227 1465 2292 Petrus
1500 2225 1924 2292 miseratione
1959 2225 2199 2292 Divina
2232 2226 2602 2313 Episcopus
2641 2229 3078 2314 Transsylva·

847 2353 965 2401 nus
999 2332 1442 2419 significamus
1473 2333 1708 2416 quibus
1745 2334 2009 2417 expedit
2040 2336 2365 2402 universis
2399 2338 2809 2420 presencium
2834 2357 2951 2420 per
2986 2341 3078 2412 te-

844 2460 1088 2527 norem,
1122 2443 1297 2524 quod
1328 2443 1589 2527 populis
1619 2442 1863 2506 nostris
1897 2441 1981 2508 de
2014 2444 2175 2510 villa
2209 2441 2381 2508 Sard
2415 2443 2587 2510 hanc
2620 2445 3083 2511 contulerimus

845 2550 1242 2629 libertatem,
1278 2558 1347 2617 ut
1398 2551 1462 2614 in
1506 2551 1675 2615 festo
1714 2551 1904 2616 Beati
1935 2551 2202 2618 Martini
2236 2571 2464 2620 omnes
2503 2557 2929 2620 communiter
2962 2551 3086 2618 sin-

844 2658 1016 2744 gulis
1048 2659 1241 2726 annis
1276 2658 1595 2725 tredecim
1653 2677 1907 2724 marcas
1939 2664 2282 2727 terrestres
2334 2665 2591 2748 argenti
2646 2682 2760 2746 pro
2802 2663 3082 2742 terragio

844 2766 1096 2834 solvere
1129 2773 1491 2834 teneantur.
1528 2765 1688 2832 Item
1717 2767 2088 2851 quicunque
2123 2787 2205 2858 ex
2237 2769 2404 2853 ipsis
2438 2768 2808 2852 hospitibus
2840 2771 3083 2836 nostris

844 2875 908 2940 in
941 2874 1092 2962 ipsa
1119 2875 1283 2942 villa
1314 2873 1486 2942 Sard
1523 2884 1706 2942 certa
1740 2874 1967 2958 aliqua
1999 2875 2258 2944 edificia
2278 2930 2296 2962 ‚
2350 2879 2454 2946 vel
2493 2878 2723 2944 vineas
2747 2928 2762 2957 ‚
2801 2884 2914 2942 aut
2947 2879 3082 2945 alia

843 3004 1223 3069 quecunque
1258 3006 1463 3070 opera
1496 2985 1741 3071 fecerit,
1779 2987 1987 3054 libere
2019 2987 2229 3068 possit
2252 2986 2562 3069 vendere,
2594 2986 2701 3052 vel
2736 2985 2979 3052 donare
3015 2989 3079 3051 in

844 3097 996 3179 vita,
1030 3098 1136 3163 vel
1168 3097 1237 3161 in
1270 3101 1478 3161 morte
1511 3096 1871 3177 cuicunque
1904 3096 2248 3170 voluerint,
2283 3103 2396 3162 aut
2430 3098 2638 3161 eciam
2671 3095 3083 3178 recedentes,

842 3212 909 3272 et
939 3204 1110 3271 sicut
1142 3203 1346 3269 libere
1379 3211 1718 3289 venerunt,
1762 3204 1859 3270 sic
1893 3202 2096 3269 libere
2128 3203 2441 3269 recedant
2479 3221 2859 3286 quocunque
2891 3205 3072 3271 volu-

843 3314 1053 3396 erint,
1096 3312 1280 3397 justo
1331 3314 1616 3394 terragio
1668 3312 1892 3378 villico
1945 3330 2165 3377 eorum
2210 3331 2327 3395 pro
2379 3319 2669 3394 tempore
2721 3312 3074 3379 constituto

840 3421 1194 3507 persoluto.
1242 3421 1430 3488 Hanc
1463 3419 1663 3486 etiam
1714 3419 2009 3501 graciam
2051 3418 2505 3486 eisduximus
2535 3418 2950 3503 faciendam,
3005 3427 3077 3486 ut

840 3531 1205 3613 quicunque
1239 3550 1321 3595 ex
1354 3528 1515 3613 ipsis
1548 3529 1689 3595 sine
1725 3528 1969 3595 herede
2005 3528 2440 3612 decederent,
2501 3529 2722 3595 omnia
2747 3528 2924 3596 bona
2955 3549 3075 3596 sua

841 3639 1202 3722 cuicunque
1235 3638 1557 3704 voluerint
1579 3687 1596 3721 ‚
1649 3637 1718 3703 in
1753 3643 1960 3704 morte
1990 3655 2111 3704 sua
2144 3636 2347 3714 libere
2379 3637 2637 3724 possint
2683 3637 3074 3721 relinquere,

841 3747 1087 3833 legare,
1125 3766 1240 3814 seu
1273 3746 1560 3831 donare,
1612 3765 1741 3811 uno
1776 3746 1943 3812 bove
1975 3753 2171 3811 tenue
2212 3741 2383 3831 (igy)
2417 3746 2612 3813 nobis
2650 3745 2921 3812 donato.
2958 3747 3074 3812 Ce-

839 3863 1046 3923 terum
1068 3875 1186 3942 pro
1219 3854 1504 3922 decensu
1529 3860 1752 3922 nostro
1773 3857 1980 3922 semel
2011 3856 2079 3920 in
2113 3874 2288 3921 anno
2311 3874 2505 3920 unum
2533 3857 2767 3920 bovem
2786 3874 3072 3942 pascua-

839 3964 987 4047 lem,
1021 3969 1086 4030 et
1116 3983 1310 4030 unum
1345 3983 1613 4048 porcum
1638 4015 1656 4047 ‚
1710 3985 1790 4032 ac
1823 3983 2020 4031 unam
2053 3963 2372 4029 tunellam
2412 3964 2551 4030 vini
2604 3964 2689 4031 de
2722 3972 2860 4031 tota
2892 3965 3070 4050 villa,

839 4069 920 4137 de
953 4071 1230 4156 singulis
1263 4073 1471 4138 eciam
1522 4070 1977 4140 mansionibus
2029 4091 2219 4138 unam
2255 4072 2573 4153 gallinam
2596 4119 2613 4152 ‚
2649 4091 2851 4139 unum
2884 4074 3072 4138 cubu-

839 4182 973 4247 lum
1003 4198 1245 4263 avene,
1284 4187 1347 4248 et
1380 4179 1543 4246 duos
1576 4199 1786 4265 panes
1820 4180 1978 4248 dare
2012 4180 2274 4247 debent.
2311 4182 2476 4246 Item
2511 4183 2795 4246 minutas
2834 4202 3070 4250 causas

836 4289 1005 4357 inter
1036 4290 1221 4375 ipsos
1256 4296 1525 4356 exortas
1557 4291 1817 4356 villicus
1839 4292 2126 4377 ipsorum
2148 4289 2502 4374 judicabit,
2533 4291 2823 4374 maj0res
2856 4302 3071 4359 autem

835 4417 1097 4478 causas,
1128 4397 1296 4466 sicut
1328 4416 1528 4484 super
1560 4398 1879 4466 effusione
1910 4399 2268 4483 sangvinis‚
2305 4405 2532 4482 morte,
2568 4398 2757 4480 furto,
2796 4406 2861 4462 et
2904 4400 3072 4466 simi—

833 4508 1025 4591 libus,
1060 4510 1295 4577 Gomes
1349 4527 1573 4576 eorum
1620 4528 1766 4575 cum
1798 4508 2020 4578 villico
2065 4508 2441 4596 judicabit3
2493 4527 2758 4590 quorum
2812 4507 3069 4592 quidem

830 4618 1227 4704 judiciorum
1261 4616 1388 4686 due
1419 4626 1642 4703 partes
1678 4620 1912 4687 cedent
1947 4618 2209 4700 Comiti,
2242 4618 2448 4684 tercia
2478 4624 2669 4703 parte
2707 4620 2929 4686 villico
2963 4639 3066 4685 re-

841 4710 1144 4795 manente
1197 4728 1564 4794 eorundem.
1620 4727 1830 4811 Super
1881 4726 2257 4795 vulneribus
2310 4733 2525 4792 autem
2575 4725 2930 4794 inferendis
2953 4776 2967 4804 ,
2999 4733 3062 4789 et
