3416 5313
1473 412 1591 476 117

396 1245 587 1310 Nona
640 1249 952 1312 va'rosnak
1001 1269 1367 1334 uyyanazon
1438 1247 1867 1334 eyyczkecle'src
1914 1249 2258 1312 vonatkozd
2310 1249 2631 1333 kczesseqe.

1421 1356 1614 1422 1294.

611 1571 685 1637 In
720 1571 963 1639 Christi
993 1571 1254 1637 nomine
1288 1572 1517 1638 Amen.
1553 1573 1745 1638 Anno
1778 1571 2274 1639 Incarnacionis
2298 1574 2443 1658 ejus
2479 1575 2623 1642 mil-

390 1666 1104 1753 lesimo‘ducentesimo
1136 1681 1567 1765 nonagesimo
1601 1690 1833 1763 quarto
1856 1732 1870 1761 ,
1907 1680 2285 1747 Indiccione
2321 1681 2483 1765 V11.‚
2518 1681 2628 1750 die

390 1789 574 1854 Lune
606 1788 859 1854 XXIX.
895 1787 1141 1853 Marcii.
1196 1788 1514 1856 Providus
1549 1789 1649 1855 vir
1679 1788 1934 1875 Bugius
1988 1788 2257 1875 Georgii
2311 1792 2626 1879 syndicus

391 1903 453 1962 et
484 1901 867 1980 procurator
899 1895 1137 1964 nobilis
1169 1898 1294 1965 viri
1326 1895 1570 1962 domini
1601 1897 1857 1964 Volzite
1881 1895 2269 1980 Potestatis,
2302 1898 2619 1984 Miligosti

387 2005 759 2071 Saluonerii
792 2012 856 2070 et
904 2004 1139 2073 Jacobi
1172 2005 1394 2089 Drage
1427 2005 1759 2086 Judicum,
1796 2010 1861 2071 et
1895 2006 2180 2073 Drusine
2213 2007 2512 2088 ⁷Ioannis,
2547 2026 2628 2074 ac

390 2113 671 2180 Tolislai
701 2113 995 2180 Budislai
1030 2114 1551 2183 camerariorum
1576 2113 1853 2180 Consilii
1888 2121 1954 2180 et
1987 2111 2489 2181 communitatis
2523 2114 2623 2181 Ci-

384 2221 615 2290 vitatis
649 2223 857 2302 None,
894 2221 973 2285 ad
1008 2221 1429 2305 infrascripta
1464 2222 1844 2307 specialiter
1884 2223 2274 2290 constitutus
2295 2271 2312 2304 ,
2365 2229 2435 2288 ut
2474 2243 2625 2291 con-

383 2331 625 2398 tinetur
655 2330 725 2397 in
772 2329 1201 2397 instrumento
1255 2331 1645 2417 syndicatus
1704 2330 1880 2397 facto
1924 2350 2097 2397 anno
2149 2330 2491 2398 Dominice
2522 2333 2624 2398 In-

388 2438 802 2506 carnacionis
835 2439 1184 2506 millesimo
1237 2438 1689 2506 ducentesimo
1725 2440 2155 2523 nonagesimo
2187 2445 2420 2521 quarto
2443 2490 2460 2522 ,
2517 2441 2623 2506 In-

390 2545 687 2614 diccione
723 2548 883 2630 VII„
917 2545 1025 2614 die
1055 2546 1269 2612 XXX.
1307 2552 1588 2613 exeunte
1619 2545 1865 2612 Marcio
1887 2594 1906 2631 ,
1959 2553 2024 2613 et
2056 2547 2301 2630 scripto
2335 2567 2454 2633 per
2486 2568 2620 2614 ma·

383 2676 535 2724 num
570 2655 751 2723 Petri
781 2658 1110 2724 Nouensis
1144 2654 1423 2739 Notarii,
1458 2677 1499 2721 a
1532 2675 1638 2722 me
1673 2655 1958 2724 Antonio
1979 2654 2214 2725 Judice
2247 2666 2312 2723 et
2345 2659 2619 2725 Notario

383 2762 804 2850 infrascripto
837 2766 979 2832 viso
1032 2775 1098 2833 et
1128 2767 1340 2848 lecto,
1394 2765 1657 2831 nomine
1711 2772 1776 2830 et
1810 2765 1952 2830 vice
2005 2765 2329 2832 dictorum
2361 2767 2621 2833 Domini

381 2874 743 2943 Potestatis
764 2922 782 2957 ,
818 2873 1091 2943 Consilii
1124 2882 1187 2940 et
1221 2872 1725 2941 communitatis
1757 2874 1948 2940 None
1967 2923 1986 2958 ,
2040 2881 2106 2939 et
2137 2893 2255 2959 pro
2289 2874 2452 2959 ipsis
2487 2894 2617 2939 om-

380 2984 574 3052 nibus
610 2985 884 3052 solemni
936 2984 1372 3071 stipulacione
1422 2983 1720 3067 promisit
1754 3003 1825 3050 se
1880 2984 2198 3051 facturum
2246 2992 2311 3050 et
2363 2988 2618 3050 curatu-

389 3112 527 3159 rum
553 3094 727 3158 omni
763 3094 1158 3180 exeepcione
1211 3098 1276 3158 et
1309 3091 1657 3159 occasione
1689 3091 1953 3160 remotis
1973 3141 1990 3173 ,
2041 3091 2215 3175 quod
2248 3090 2486 3157 nobilis
2520 3091 2620 3159 vii·

382 3202 686 3269 dominus
740 3201 1057 3283 Georgius
1111 3202 1344 3268 Comes
1394 3201 1852 3269 Berberiensis
1903 3208 2039 3267 tam
2092 3219 2210 3267 suo
2243 3202 2501 3266 nomine
2554 3208 2620 3265 et

382 3329 641 3378 suorum
666 3309 1020 3394 hominum,
1055 3330 1248 3394 quam
1274 3309 1610 3376 hominum
1646 3315 1714 3375 et
1737 3309 2112 3378 Communis
2134 3307 2411 3395 Almisii,
2434 3307 2619 3373 firma

383 3425 449 3510 et
480 3426 631 3485 rata
663 3417 937 3485 habebit
970 3426 1036 3483 et
1066 3420 1336 3501 tenebit,
1373 3417 1758 3486 observabit
1791 3426 1856 3483 et
1876 3416 2269 3502 adimplebit
2299 3418 2521 3482 omnia
2555 3423 2619 3488 et

382 3526 649 3612 singula
680 3532 878 3611 pacta
935 3526 1103 3592 inita
1136 3535 1199 3591 et
1229 3528 1487 3593 firmata
1543 3525 1626 3592 de
1666 3536 1946 3613 treugua
1998 3532 2065 3592 et
2098 3545 2293 3613 super
2346 3531 2616 3610 treugua

383 3633 642 3702 Almisii
675 3653 792 3720 per
825 3635 1034 3720 ipsum
1088 3632 1404 3700 Comitem
1438 3634 1824 3720 Georgium,
1876 3642 1946 3700 ut
1984 3633 2440 3720 supradictum
2492 3641 2617 3717 est,

386 3764 534 3811 cum
570 3742 832 3828 egregio
877 3743 1017 3810 viro
1052 3741 1312 3810 domino
1364 3746 1648 3827 Rogerio
1702 3747 2093 3811 Mauroceno
2145 3742 2460 3812 Jadrensi
2491 3746 2614 3813 Co·

381 3852 537 3918 mite
588 3851 947 3935 recipiente
997 3856 1061 3916 et
1122 3853 1483 3938 stipulante
1533 3853 1679 3920 vice
1743 3861 1808 3918 et
1855 3853 2118 3919 nomine
2167 3853 2449 3919 Illustris
2512 3851 2616 3920 do-

381 3960 541 4028 mini
592 3957 798 4024 Ducis
856 3960 1286 4026 Veneciarum
1311 4010 1329 4045 ,
1382 3962 1756 4028 Communis
1811 3969 1875 4027 et
1926 3960 2256 4028 hominum
2311 3960 2614 4030 Civitatis

381 4065 675 4154 ejusdem
700 4117 717 4151 ,
765 4087 888 4133 nec
920 4088 1049 4133 non
1084 4075 1146 4136 et-
1173 4071 1616 4138 habitatorum
1638 4121 1656 4156 ,
1691 4069 1979 4137 fidelium
2008 4119 2024 4152 ,
2074 4067 2513 4151 subjectorum
2549 4077 2615 4136 et

385 4175 884 4243 districtnalium
917 4194 1211 4260 suorum,
1268 4177 1557 4263 scriptas
1592 4184 1656 4245 et
1687 4180 1937 4263 scripta
1968 4196 2089 4262 per
2119 4196 2222 4243 me
2262 4178 2610 4246 Antonium

379 4284 709 4369 quondam
728 4282 1122 4351 Rolanduzii
1154 4284 1234 4352 de
1265 4285 1564 4354 Bononia
1598 4286 1932 4372 Imperiali
1965 4294 2029 4353 et
2060 4284 2466 4352 Brefectoria
2498 4305 2610 4352 au-

376 4393 681 4461 ctoritate
729 4390 1031 4463 Judicem
1066 4400 1134 4461 et
1163 4396 1524 4478 Notarium,
1556 4415 1732 4464 anno
1765 4403 1831 4461 et
1862 4394 2240 4464 Indiccione
2271 4394 2608 4482 predictis,

374 4503 485 4571 die
514 4500 860 4571 Dominico
893 4501 1205 4571 XXVIII.
1240 4505 1507 4590 Marcii,
1567 4510 1632 4572 et
1665 4502 1880 4573 eidem
1927 4504 2139 4590 Bugio
2192 4503 2465 4590 syndico
2498 4524 2607 4571 se-

367 4612 543 4680 riose
576 4619 642 4681 et
689 4611 1117 4697 singulariter
1149 4631 1231 4681 ac
1261 4613 1693 4697 integraliter,
1729 4630 1848 4700 per
1882 4633 1985 4680 me
2008 4612 2154 4697 jam
2202 4612 2445 4680 dictum
2475 4612 2606 4682 An·

366 4718 616 4791 tunium
645 4720 993 4791 Notarium
1032 4722 1208 4790 lecta
1239 4729 1304 4788 et
1335 4724 1540 4789 lectas
1562 4773 1579 4808 ,
1617 4727 1684 4787 et
1715 4741 1843 4787 non
1887 4718 2329 4790 contrafaciet
2357 4723 2463 4791 vel
2496 4740 2603 4789 ve-
