3416 5313
1434 398 1560 464 165

370 607 538 672 una3
575 596 640 656 et
672 591 848 658 viros
880 591 1134 660 nobiles
1168 617 1248 661 ac
1277 596 1614 686 discretos,
1650 599 1971 665 dominum
2010 602 2496 669 Benevenutum
2530 602 2611 668 de

366 698 714 782 Campesio
763 699 939 767 Juris
972 702 1200 770 Civilis
1236 707 1725 794 Professor-em,
1761 716 1822 774 et
1868 710 2196 776 dominum
2240 707 2607 778 Johannem

366 806 451 872 de
483 809 725 874 Sancto
760 809 1038 894 Sabino,
1093 814 1524 884 Consiliarios
1559 825 1625 882 et
1659 816 2021 884 familiares
2055 838 2136 886 ac
2169 817 2491 903 speciales
2524 819 2612 886 ad

363 917 491 983 hoc
521 917 981 987 Procuratores
1016 927 1080 985 et
1113 923 1422 1008 Nuncios,
1474 926 1648 1006 quod
1682 926 1989 1006 constitit,
2027 928 2307 993 virorum
2339 927 2608 994 Illustri-

364 1046 471 1091 um
507 1024 751 1092 domini
776 1026 1108 1096 Humberti
1134 1030 1452 1115 Dalphini
1482 1034 1872 1100 Viennensis
1913 1041 1977 1101 et
2018 1034 2292 1102 Albonis
2335 1037 2608 1103 Comitis

363 1133 755 1218 Dominique
788 1136 869 1203 de
902 1140 1104 1203 Turre
1127 1192 1145 1225 ‚
1200 1162 1281 1209 ac
1311 1142 1638 1210 Johannis
1673 1142 1990 1228 Dalphini
2041 1144 2459 1230 primogeniti
2506 1145 2609 1214 sui

364 1262 485 1327 pro
537 1242 766 1310 eodem
816 1244 1249 1330 primogenito
1300 1271 1380 1316 ex
1423 1253 1655 1316 altera.
1690 1253 2043 1319 Tractatus
2077 1262 2177 1318 est
2226 1252 2490 1321 habitus
2525 1255 2608 1321 de

363 1349 789 1435 sponsalibus
823 1362 886 1419 et
919 1356 1350 1439 matrimonio,
1388 1377 1502 1424 suo
1540 1367 1833 1443 tempore
1868 1359 2329 1442 contrahendo,
2364 1368 2430 1428 et
2460 1369 2609 1447 post

362 1461 588 1527 varios
624 1461 879 1527 habitos
914 1484 995 1527 ex
1029 1464 1178 1532 hinc
1212 1472 1276 1531 et
1309 1466 1457 1531 inde
1493 1474 1848 1550 tractatus,
1905 1468 2058 1551 talis
2098 1468 2352 1535 demum
2389 1476 2607 1537 mutuo

363 1568 584 1634 finalis
621 1570 774 1636 inde
807 1572 1156 1638 concordia
1210 1582 1308 1640 cst
1347 1582 1612 1659 secuta3
1647 1576 1994 1656 videlicet,
2047 1576 2221 1658 quod
2273 1574 2607 1662 predictus

362 1677 668 1744 dominus
705 1679 840 1743 Rex
864 1697 981 1761 per
1006 1681 1342 1766 egregium
1365 1683 1575 1750 virum
1609 1684 1937 1750 dominum
1964 1685 2492 1751 Bartholomeum
2526 1685 2608 1749 de

365 1785 615 1869 Capua,
652 1785 1085 1869 Logothetum
1123 1798 1187 1853 et
1217 1790 1737 1858 Protonotarium
1766 1791 1977 1877 Regni
2009 1790 2251 1874 Sicilie,
2286 1792 2604 1860 Consilia·

361 1896 529 1960 rium
560 1902 624 1961 et
655 1894 1048 1963 familiarem
1080 1916 1288 1977 suum,
1323 1901 1516 1983 plena
1548 1901 1721 1984 inde,
1760 1902 1934 1982 quod
1965 1901 2091 1969 sibi
2133 1901 2443 1980 constitit,
2478 1909 2603 1967 tra-

362 2003 503 2071 dita
536 2009 863 2089 potestate
895 2005 1194 2089 promisit
1225 2027 1301 2074 se
1333 2008 1652 2076 faciurum
1686 2018 1751 2073 et
1809 2018 2179 2076 curaturum
2212 2010 2510 2093 legaliter
2542 2014 2608 2076 et

360 2115 537 2179 bona
571 2113 722 2196 fide,
758 2113 927 2197 quod
960 2118 1432 2201 quamprimum
1468 2139 1586 2204 pro
1621 2126 1796 2184 etate
1830 2121 2091 2203 licebit,
2126 2120 2306 2188 dicta
2342 2120 2606 2185 domina
2674 2140 2679 2149 ²

361 2223 630 2289 Beatrix
663 2224 1036 2290 consenciet
1088 2226 1155 2290 in
1208 2228 1502 2294 eumdem
1537 2228 1903 2294 Johannem
1948 2230 2385 2314 Dalphinum,
2440 2233 2605 2294 tam-

361 2356 559 2417 quam
594 2334 659 2398 in
690 2355 874 2401 suum
911 2355 1220 2421 sponsum
1255 2344 1321 2402 et
1355 2339 1567 2404 virum
1602 2339 1961 2422 legitimum
1986 2388 2003 2422 ‚
2057 2340 2249 2421 eique
2282 2337 2604 2406 matrimo-

356 2443 619 2508 nialiter
643 2446 1094 2528 coniungetur3
1131 2444 1408 2529 ipsaque
1435 2446 1835 2531 sponsalicia
1856 2454 1921 2512 et
1952 2447 2430 2514 matrimonium
2452 2465 2605 2514 con·

359 2552 579 2620 trahet
596 2549 890 2636 legitime
914 2572 1055 2618 cum
1080 2553 1340 2635 eodem3
1382 2573 1577 2635 quam
1603 2554 1868 2636 quidem
1889 2554 2214 2620 dominam
2238 2552 2606 2622 Beatricem

361 2682 444 2728 ex
477 2681 647 2728 nunc
677 2658 984 2744 promisit
1014 2662 1158 2726 Rex
1209 2661 1354 2746 ipse
1388 2683 1507 2747 per
1539 2664 1874 2748 speciales
1926 2683 2079 2731 suos
2119 2663 2285 2731 alios
2340 2670 2406 2731 et
2438 2666 2606 2733 eius-

360 2774 513 2839 dem
547 2768 865 2853 Dalphini
913 2770 1203 2838 Nuncios
1255 2769 1323 2838 in
1374 2771 1727 2839 Prouincia
1780 2775 1866 2840 ad
1910 2770 2243 2839 ciuitatem
2297 2772 2600 2841 Sistarici

360 2883 616 2947 mittere
648 2880 822 2946 dicto
855 2878 1188 2961 Dalphino
1222 2880 1608 2947 tradendam
1631 2929 1646 2960 ,
1682 2881 1857 2964 apud
1890 2901 2033 2949 eum
2055 2930 2071 2962 ,
2125 2882 2308 2947 iuxta
2344 2901 2602 2950 suorum

361 3009 609 3057 morum
634 2988 1137 3055 observanciam
1160 2989 1591 3056 educandam.
1627 2991 1756 3055 Pro
1790 2990 1970 3057 cuius
1994 2989 2254 3057 domine
2285 2990 2604 3058 Beatricis

359 3100 512 3165 dote
545 3099 844 3166 dominus
879 3098 1020 3163 Rex
1070 3098 1216 3185 ipse
1250 3097 1411 3166 dare
1442 3102 1788 3181 conuenit,
1843 3105 2040 3182 atque
2073 3099 2366 3183 promisit
2405 3100 2602 3167 libra-

360 3227 497 3273 rum
531 3203 1008 3272 Turonensium
1063 3206 1393 3288 nigrorum
1418 3257 1434 3289 ,
1487 3214 1604 3273 aut
1642 3208 1809 3274 solvi
1846 3207 2045 3275 faciet
2083 3207 2318 3290 viginti
2371 3208 2602 3294 millia,

360 3315 445 3381 de
477 3314 713 3400 quibus
762 3315 991 3381 decem
1045 3314 1249 3380 millia
1302 3317 1515 3381 solvet
1566 3315 1780 3382 eidem
1831 3314 2090 3383 domino
2125 3315 2413 3385 Johanni
2445 3315 2603 3383 Dal·

356 3424 579 3511 phino,
613 3424 721 3489 vel
753 3424 866 3489 alii
901 3443 1019 3507 pro
1042 3434 1229 3509 parte
1262 3425 1488 3508 ipsius,
1524 3424 1589 3491 in
1622 3425 1970 3491 Provincia
2004 3425 2069 3489 in
2104 3424 2273 3491 festo
2299 3424 2601 3492 Omnium

359 3534 748 3601 Sanctorum
800 3535 1088 3600 secundo
1139 3535 1358 3602 futuro
1389 3533 1725 3619 sequentis
1758 3534 1875 3599 XI.
1931 3533 2350 3602 Indiccionis.
2402 3535 2487 3601 Et
2518 3534 2602 3603 de

359 3642 635 3725 reliquis
667 3642 897 3708 decem
928 3641 1217 3707 millibus
1268 3643 1468 3710 faciet
1501 3653 1567 3709 et
1605 3641 1939 3727 servabit,
1993 3641 2165 3724 quod
2212 3641 2601 3712 testificacio

361 3752 689 3818 dictorum
718 3749 1123 3817 Nunciorum
1177 3751 1557 3835 specialiter
1592 3751 1743 3816 inde
1775 3749 1988 3832 facta,
2043 3769 2237 3831 quam
2289 3768 2491 3834 penes
2525 3771 2600 3817 se

359 3860 664 3927 dominus
698 3862 839 3926 Rex
872 3869 1245 3942 conservat,
1281 3860 1347 3924 in
1373 3859 1586 3927 forma
1621 3859 1876 3925 scilicet
1907 3857 2195 3945 publica,
2233 3857 2366 3925 alia
2397 3879 2600 3942 penes

356 3970 653 4036 Nuncios
685 3968 866 4052 ipsos
900 3970 1220 4035 consimili
1255 3976 1659 4053 remanente,
1698 3967 1987 4034 continet
2021 3973 2087 4032 et
2117 3965 2428 4033 declarat.
2462 3968 2603 4033 Hoc

362 4077 739 4164 specialiter
786 4084 853 4144 et
904 4078 1269 4161 expressim
1321 4078 1384 4141 in
1441 4076 1889 4143 convencione
1939 4074 2242 4156 adiecto,
2299 4076 2471 4157 quod
2522 4076 2599 4159 si,

358 4188 532 4270 quod
568 4186 760 4272 absit,
796 4184 1125 4252 accideret
1156 4185 1398 4253 dictum
1430 4206 1561 4254 non
1598 4184 1917 4270 compleri
1937 4183 2443 4268 matrimonium,
2481 4184 2597 4252 dos

357 4297 508 4383 ipsa
541 4296 608 4361 in
644 4294 891 4362 eisdem
924 4295 1155 4361 decem
1177 4295 1464 4363 millibus
1497 4297 1808 4364 librarum
1837 4291 2306 4360 Turonensium
2343 4295 2597 4359 solven-

362 4407 506 4491 dis,
536 4411 610 4471 ut
640 4404 1001 4491 predicitur
1022 4453 1040 4480 ‚
1091 4404 1466 4471 restituetur
1505 4405 1861 4485 instanter;
1897 4400 2149 4468 scilicet
2167 4449 2185 4483 ,
2223 4399 2336 4465 ubi
2367 4400 2595 4466 matri-

358 4515 644 4582 monium
694 4516 908 4598 ipsum
971 4513 1380 4593 contingeret
1429 4513 1807 4578 alterutrius
1873 4517 2069 4576 morte
2120 4508 2600 4593 subsequenter

360 4622 672 4707 dissolvi,
706 4631 860 4690 tunc
894 4622 1014 4690 dos
1047 4623 1199 4711 ipsa
1248 4622 1606 4691 secundum
1652 4640 1895 4688 morem
1950 4630 2014 4687 et
2065 4619 2596 4687 consuetudinem

359 4734 674 4802 nobilium
705 4735 929 4802 Patrie
964 4733 1123 4802 dicti
1156 4734 1478 4820 Dalphini
1513 4735 1892 4802 restituetur
1924 4734 1987 4799 in
2027 4731 2307 4800 termino
2339 4729 2596 4815 legibus
