3416 5313
1782 450 1869 518 52

705 662 770 720 et
803 651 1156 720 exercitum
1207 650 1347 717 eius
1400 649 1968 735 proficiscerentur
2016 647 2153 715 suis
2200 647 2486 733 proprijs
2522 647 2584 712 in
2622 647 2940 731 personis,

707 761 884 828 circa
916 760 1279 827 Ecclesiam
1316 758 1543 824 Sancti
1564 757 1832 843 Georgij
1868 757 2287 825 constitutam
2311 757 2375 820 in
2417 755 2609 822 metis
2638 755 2779 821 siue
2820 759 2944 818 ter-

707 869 901 935 minis
934 868 1276 953 Hnngarie
1311 875 1375 931 et
1427 866 1691 932 Austrie
1727 866 2088 950 regionum,
2144 864 2311 929 seria
2368 869 2603 945 quarta
2652 862 2947 946 proxima

707 982 856 1062 post
906 976 1141 1042 festum
1194 976 1395 1042 Beate
1445 975 1739 1059 Virginis
1792 973 2211 1055 Margarethe
2262 972 2385 1039 hoc
2436 991 2608 1036 anno
2657 968 2948 1047 instanti,

709 1093 1010 1150 strenuus
1061 1085 1250 1150 miles
1284 1083 1624 1149 ,Iohannes
1674 1080 1848 1148 filius
1900 1082 2073 1148 Petri
2119 1079 2363 1146 nobilis
2414 1078 2678 1161 iobagio
2733 1076 2952 1141 Castri

709 1189 1155 1274 Posoniensis,
1192 1188 1562 1254 eorumdem
1595 1189 1917 1256 sociorum
1971 1196 2036 1254 et
2081 1186 2664 1253 concanonicorum
2699 1192 2952 1251 nostro-

710 1319 870 1383 rum,
904 1305 972 1364 et
1000 1297 1273 1364 aliorum
1310 1296 1635 1365 hominum
1659 1297 1750 1363 ad
1781 1295 2181 1380 presenciam
2212 1292 2556 1369 accedens,
2589 1293 2856 1377 propria
2888 1291 2954 1356 in

711 1428 1015 1495 persona,
1049 1407 1347 1474 discretis
1378 1407 1536 1474 viris
1561 1460 1577 1489 ,
1632 1407 1971 1489 magistris
2006 1403 2345 1470 Dominico
2390 1402 2726 1486 Preposito
2758 1400 2957 1466 Poso-

711 1515 924 1582 niensi
957 1515 1308 1583 karissimo
1359 1515 1426 1579 in
1459 1514 1742 1582 Domino
1778 1513 1958 1582 socio
1992 1521 2054 1580 et
2087 1514 2285 1579 fratre
2339 1519 2560 1579 nostro
2615 1510 2709 1578 ibi
2745 1510 2952 1576 eciam

716 1621 1083 1705 constituto,
1118 1622 1340 1688 taliter
1369 1629 1771 1706 protestatus
1825 1621 2086 1705 publice
2119 1620 2408 1687 extiterit
2458 1626 2523 1685 et
2556 1618 2898 1686 confessus
2934 1643 2951 1685 ε

715 1729 888 1816 quod
921 1750 1063 1798 cum
1098 1731 1243 1818 ipse
1264 1730 1603 1798 Johannes
1640 1728 1903 1796 heredis
1925 1728 2171 1795 solacio
2206 1727 2552 1793 destitutus
2598 1728 2663 1791 in
2697 1727 2960 1810 agmine

718 1837 1009 1906 eiusdem
1040 1837 1291 1905 domini
1341 1839 1548 1904 nostri
1596 1838 1800 1921 Regis
1854 1837 2065 1904 eidem
2119 1835 2378 1903 domino
2411 1835 2577 1921 Regi
2611 1843 2679 1902 et
2726 1839 2956 1923 Regno

716 1968 836 2016 suo
869 1954 1102 2016 eontra
1136 1948 1348 2033 ipsum
1366 1949 1615 2014 Ducem
1649 1948 1910 2013 Austrie
1944 1954 2010 2012 et
2031 1944 2474 2012 Theotonicos
2506 1965 2658 2012 suos
2691 1948 2962 2014 Austra-

715 2058 814 2125 les
846 2076 967 2142 pro
1000 2057 1242 2124 viribus
1276 2065 1342 2125 et
1370 2077 1488 2143 pro
1526 2076 1742 2143 posse,
1779 2061 2086 2138 quantum
2122 2052 2303 2123 Deus
2335 2055 2682 2142 permittet,
2717 2055 2961 2122 seruire

717 2165 999 2232 fideliter
1030 2166 1330 2234 intendat
1362 2185 1502 2232 cum
1537 2164 1853 2233 effusione
1888 2164 1991 2231 sui
2023 2166 2363 2248 sanguinis
2387 2162 2776 2251 dimicande,
2811 2184 2959 2232 con-

700 2273 1145 2358 sideretque,
1197 2285 1266 2341 vt
1298 2276 1454 2343 belli
1487 2266 1839 2340 dubius'sit
1883 2279 2174 2358 euentus,
2219 2279 2293 2338 -et
2323 2272 2527 2339 nichil
2578 2272 2662 2338 sit
2714 2273 2963 2342 cercius

724 2388 930 2450 morte
962 2389 1030 2449 et
1060 2382 1388 2451 incercius
1421 2384 1585 2452 hora
1605 2382 1850 2466 mortis,
1887 2388 1953 2449 et
1982 2382 2214 2449 melius
2255 2382 2494 2450 existat
2531 2387 2787 2466 tempus
2820 2400 2963 2467 pre-

722 2491 966 2574 uenire,
1000 2510 1195 2575 quam
1227 2515 1269 2559 a
1303 2500 1597 2577 tempore
1628 2490 1958 2578 preueniri
1978 2541 1997 2576 ,
2051 2492 2333 2558 maxime
2365 2490 2432 2556 in
2466 2487 2644 2558 facto
2676 2490 2832 2558 talis
2864 2490 2962 2556 di-

722 2598 1048 2674 scriminis
1079 2601 1448 2687 generalis,
1500 2602 1642 2686 ipse
1674 2600 2033 2685 Johannes,
2071 2620 2188 2684 seu
2220 2600 2306 2668 ab
2344 2597 2569 2666 eodem
2601 2599 2775 2667 bello
2810 2620 2959 2669 eua-

725 2709 862 2793 dat,
898 2709 1037 2776 siue
1068 2709 1131 2775 ei
1162 2710 1531 2777 humaniter
1560 2713 1630 2778 in
1663 2712 1893 2778 eodem
1930 2711 2201 2778 euenire
2238 2708 2594 2795 contingat,
2632 2709 2959 2793 quandam

723 2817 1230 2903 possessionem,
1265 2816 1486 2885 villam
1509 2868 1527 2903 ,
1562 2838 1679 2885 seu
1719 2825 1959 2885 terram
1993 2839 2176 2905 suam
2209 2818 2504 2886 Thurnie
2534 2825 2836 2886 uocatam
2869 2819 2961 2884 in-

668 2927 697 2946 *
723 2933 825 2991 ter
853 2925 1146 3010 Tyrnam
1196 2932 1259 2992 et
1311 2928 1656 2997 Posonium
1708 2927 2133 3015 existentem,
2187 2928 2612 3013 plenitudinis
2666 2946 2785 2995 sue
2844 2927 2964 2995 sub

727 3034 1013 3118 antiquis
1046 3035 1340 3103 terminis
1361 3086 1378 3118 ,
1436 3035 1578 3105 siue
1610 3039 1802 3105 metis
1823 3089 1842 3123 ,
1896 3039 2132 3122 quibus
2165 3057 2207 3104 a
2240 3042 2534 3122 tempore
2556 3086 2572 3119 ,
2621 3036 2804 3103 cuius
2837 3056 2967 3105 non

729 3148 915 3210 extat
943 3145 1297 3230 memoria,
1330 3146 1417 3211 ab
1449 3132 1602 3213 olir‘n
1637 3148 1855 3213 extitit
1885 3147 2168 3214 limitata
2191 3196 2208 3228 ,
2260 3145 2489 3212 habita
2509 3194 2526 3230 ,
2564 3151 2627 3211 et
2657 3164 2969 3230 possessa

730 3249 941 3318 eidem
977 3251 1274 3321 Ecclesie
1309 3252 1538 3321 Sancti
1572 3255 1945 3323 Saluatoris
1980 3254 2061 3321 de
2088 3256 2370 3323 Posonio
2395 3303 2414 3333 ‚
2447 3254 2631 3322 euius
2665 3253 2967 3342 progeni-

731 3365 906 3426 tores
941 3365 1006 3426 et
1037 3366 1494 3428 antecessores
1546 3363 1684 3429 eius
1736 3370 1886 3428 sunt
1913 3363 2054 3428 veri
2087 3362 2383 3447 patroni,
2434 3382 2553 3446 pro
2587 3360 2876 3429 remedio
2907 3369 2972 3428 et

731 3467 1072 3553 refrigerio
1106 3472 1320 3535 anime
1358 3489 1475 3536 sue
1509 3477 1574 3535 et
1623 3477 1963 3555 parentum
1996 3490 2076 3536 ac
2124 3469 2400 3535 aliorum
2434 3490 2732 3550 carorum
2766 3479 2832 3540 et
2865 3492 2971 3540 co·

731 3584 1076 3662 gnatorum
1108 3597 1371 3645 suorum
1422 3578 1758 3663 reliquerit
1823 3586 1888 3645 et
1925 3579 2308 3662 donauerit,
2363 3600 2440 3646 ac
2472 3583 2821 3647 contulerit
2851 3602 2970 3667 pro
3069 3585 3070 3588 ’

731 3684 1081 3752 obtinendo
1133 3686 1369 3754 salutis
1423 3687 1651 3755 brauio
1710 3688 1952 3754 intuitu
2007 3694 2371 3755 eternorum
2425 3688 2491 3753 in
2545 3688 2970 3761 elemosinam

731 3791 1217 3878 sempiternam,
1251 3793 1319 3859 in
1353 3793 1646 3861 eiusdem
1681 3794 1977 3862 Ecclesie
2027 3794 2365 3879 cymiterio
2398 3792 2566 3861 inter
2600 3814 2789 3865 caros
2822 3816 2972 3865 suos

731 3919 816 3967 ex
846 3906 1003 3968 voto
1037 3918 1111 3966 se
1141 3907 1379 3985 optans
1429 3902 1600 3968 tradi
1634 3903 2081 3972 ecclesiastice
2129 3903 2500 3987 sepulture,
2557 3903 2619 3969 in
2654 3924 2783 3988 quo
2833 3906 2974 3972 eius

731 4014 1040 4094 parentes
1073 4015 1140 4075 et
1172 4012 1653 4097 consanguinei
1710 3995 2164 4096 requiescunt,
2218 4009 2510 4077 eiusdem
2551 4012 2972 4084 Posoniensis

733 4115 1031 4185 Ecclesie
1062 4116 1147 4182 ob
1181 4117 1627 4187 reuerenciam
1663 4121 2058 4206 specialem,
2114 4124 2180 4184 et
2209 4117 2546 4205 amplioris
2596 4120 2973 4191 devocionis

734 4225 803 4292 in
836 4224 1091 4310 signum
1117 4275 1134 4309 ,
1168 4243 1624 4313 assumpmens
1676 4226 2037 4318 liberaliter
2072 4233 2135 4292 et
2173 4226 2491 4313 libenter,
2524 4230 2581 4295 si
2611 4230 2826 4317 ipsum
2860 4234 2970 4301 Jo-

735 4335 1021 4403 hannem
1048 4333 1131 4401 de
1165 4336 1397 4402 eodem
1423 4334 1799 4405 discrimine
1822 4356 2051 4404 sanum
2083 4343 2150 4402 et
2169 4335 2561 4405 incolumem
2596 4338 2809 4407 redire
2829 4362 2974 4410 con-

737 4444 965 4525 tingat,
1002 4463 1147 4510 eum
1184 4442 1323 4512 Geli
1356 4444 1634 4512 Domino
1670 4446 2068 4524 reducente,
2102 4447 2380 4532 populos
2414 4454 2480 4514 et
2514 4448 2765 4517 incolas
2801 4450 2975 4520 dicte

732 4558 909 4618 terre
941 4550 1295 4637 dispersos,
1346 4571 1541 4639 super
1572 4554 1809 4622 faciem
1843 4552 2131 4622 eiusdem
2166 4558 2337 4620 terre
2371 4553 2459 4620 ad
2492 4556 2758 4640 propria
2791 4578 2975 4626 reuo-

736 4657 1005 4745 candos,
1059 4664 1124 4723 et
1154 4678 1357 4742 usque
1394 4661 1478 4726 ad
1510 4662 1643 4729 vite
1677 4680 1794 4727 sue
1824 4668 2126 4745 tempora
2155 4664 2596 4727 tantummodo
2636 4667 2973 4750 possiden·

740 4768 901 4854 dos5
946 4776 1095 4852 post
1126 4777 1397 4838 mortem
1434 4776 1653 4838 autem
1689 4789 1880 4841 suam
1912 4770 2127 4839 eidem
2159 4770 2458 4840 Ecclesie
2489 4771 2719 4841 Sancti
2751 4777 2977 4844 salua-
