3416 5313
1838 427 1925 498 86

752 646 1001 716 chaelis
1062 645 1473 733 Archangeli
1534 667 1708 715 anno
1759 645 2025 712 Domini
2088 644 2440 714 millesimo
2489 646 2654 717 (lc-⁹
2713 663 3008 732 nonage-

757 754 925 822 simo
974 753 1198 820 tercio.

751 967 1042 1041 (Eredetie
1067 986 1105 1028 a
1130 968 1345 1028 Torma
1367 968 1700 1045 nemzetsdg
1725 965 2134 1029 leveltaraban
2158 967 2804 1028 Csicso-Keresztiiron.
2833 969 3000 1025 Szabd

1779 1059 2017 1131 Kdroly.)

751 2183 1006 2270 Kosody
1037 2180 1186 2261 Pal,
1211 2178 1422 2246 Olivc'r
1453 2183 1517 2246 ἐκ
1546 2179 1771 2246 Fckctc
1800 2179 2006 2245 ιῙάηοεει
2024 2177 2387 2267 fcspcresek
2406 2180 2639 2245 akkc'nt
2672 2179 3003 2266 cyyczked-

749 2292 870 2356 nck
901 2313 945 2353 a
971 2292 1270 2376 pozsonyi
1301 2289 1614 2375 kdptalan
1665 2288 1813 2352 εῖδει
1844 2310 1887 2348 a
1918 2286 2157 2352 diencsi
2186 2289 2249 2350 6⁸
2297 2288 2560 2352 'nizardi
2611 2286 3006 2370 lalcosokkal‚

750 2401 911 2490 hoqy
942 2420 1019 2462 az
1052 2396 1375 2485 alpcresck
1404 2421 1447 2461 a
1476 2395 1806 2463 vc'lctlcm'd
1853 2395 2077 2480 meqolt
2111 2394 2320 2460 ιῙάποις
2348 2395 2730 2461 νοΙοοηαΙςένι
2760 2397 2803 2459 6
2835 2397 3007 2481 qim-dt

1557 2503 1919 2589 fizcescnck.
1971 2505 2165 2571 1293.

964 2708 1298 2777 Vniuersis
1333 2702 1582 2775 Christi
1611 2701 1917 2771 fidelibus
1950 2706 2291 2786 presentes
2323 2701 2575 2773 litteras
2606 2703 3007 2792 inspecturis

751 2819 1127 2906 Capitulum
1177 2814 1482 2884 Ecclesie
1532 2812 1960 2882 Posoniensis
2014 2812 2362 2880 oraciones
2412 2812 2478 2878 in
2509 2812 2794 2880 Domino
2845 2814 3006 2882 Jesu

762 2928 1048 2997 Christo.
1097 2926 1206 2995 Ad
1235 2924 1682 2994 vniuersorum
1739 2922 2048 2991 noticiam
2070 2927 2320 3000 *tenore
2365 2921 2776 3008 presencium
2828 2921 3009 2989 volu-

754 3055 900 3104 mus
949 3032 1336 3121 peruenire,
1389 3034 1568 3117 quod
1617 3030 1991 3100 constitutis
2046 3029 2485 3115 personaliter
2541 3050 2764 3098 coram
2813 3031 3007 3100 nobis

752 3147 960 3215 Paulo
990 3145 1125 3214 filio
1157 3144 1394 3213 Cosme
1428 3141 1512 3208 de
1547 3138 1801 3208 Kosodi
1833 3158 1951 3225 pro
1987 3159 2059 3206 se
2094 3145 2161 3206 et
2192 3160 2309 3225 pro
2349 3138 2616 3206 domina
2647 3159 2854 3208 vxore
2886 3159 3009 3207 sua

751 3253 967 3322 Floris
1001 3252 1286 3336 nomine,
1320 3249 1610 3318 Oliuerio
1631 3248 1765 3316 filio
1798 3244 2192 3336 Lodomcrij,
2218 3248 2522 3317 Johanne
2555 3248 2732 3318 dicto
2752 3249 3005 3317 Fekete

751 3359 886 3431 filio
936 3361 1283 3428 Michaelis
1353 3359 1594 3428 nobilis
1644 3358 1726 3426 de
1778 3358 2031 3426 Wocha
2095 3360 2182 3426 ab
2239 3379 2369 3424 una
2393 3408 2409 3440 ,
2462 3358 2736 3445 Dytrico
2786 3356 3006 3425 villico

752 3469 1001 3553 Cunch,
1036 3468 1288 3537 Jacobo
1316 3465 1624 3535 Gotfrido
1659 3467 1742 3533 de
1776 3465 1939 3534 villa
1958 3466 2254 3554 Dyenus‚
2289 3468 2442 3532 item
2476 3466 2752 3534 Nicolao
2784 3464 3007 3536 villico

758 3577 844 3645 de
874 3575 1075 3646 Miser
1095 3628 1113 3661 ‚
1163 3573 1510 3643 Herbordo
1543 3596 1663 3661 pro
1696 3596 1772 3642 se
1804 3581 1869 3641 et
1899 3596 2020 3663 pro
2054 3569 2213 3663 filijs
2246 3575 2383 3641 suis
2414 3581 2480 3642 et
2512 3574 2820 3661 cognatis
2868 3561 3008 3641 suis

752 3686 838 3753 ab
872 3687 1105 3769 altera,
1137 3682 1337 3771 ijdem
1369 3682 1613 3751 Paulus
1634 3734 1653 3769 ‚
1689 3681 2017 3750 Oliuerius
2038 3733 2057 3768 ,
2106 3682 2148 3750 J
2153 3683 2447 3751 ohannes
2484 3680 2735 3750 Fekete
2776 3702 3002 3770 preno-

751 3793 984 3861 minati
1014 3792 1271 3861 nobiles
1301 3791 1591 3860 confessi
1639 3801 1795 3861 sunt
1826 3793 1984 3860 vina
2016 3812 2179 3859 voce
2199 3844 2218 3879 ‚
2254 3794 2427 3877 quod
2467 3788 2625 3859 licet
2655 3798 2836 3859 mota
2868 3793 3003 3859 fuc-

754 3902 840 3968 rit
871 3901 1149 3969 materia
1197 3902 1562 3984 questionis
1594 3885 1766 3967 inter
1816 3900 1995 3986 ipsos
2029 3920 2226 3988 super
2271 3906 2484 3968 morte
2533 3899 2858 3967 Johannis
2888 3896 3005 3984 filij

752 4008 1043 4094 Itemerij
1083 4006 1255 4096 (igy)
1290 4011 1557 4095 cognati
1587 4010 1879 4096 ipsorum
1913 4009 2104 4080 illata
2136 4007 2491 4078 casualiter
2523 4029 2640 4094 per
2672 4007 3009 4095 predictos

754 4108 941 4185 ciues
975 4116 1060 4185 de
1093 4117 1366 4205 Dyenus
1400 4124 1465 4184 et
1497 4119 1582 4186 de
1615 4119 1814 4187 Miser
1834 4168 1852 4203 ,
1903 4138 1985 4184 ac
2024 4119 2139 4187 diu
2172 4118 2401 4186 ordine
2432 4116 2775 4186 iudiciario
2810 4120 3006 4187 alter-

755 4227 892 4294 cati
926 4224 1232 4313 fuissent,
1265 4233 1485 4295 tamen
1517 4228 1606 4294 ad
1635 4227 1948 4312 Vltimum,
1966 4227 2410 4296 mediantibus
2440 4227 2663 4313 probis
2697 4226 2878 4311 viris,
2911 4228 3003 4295 vi-

757 4336 1007 4405 delicet
1035 4335 1289 4403 Jacobo
1323 4346 1387 4403 et
1438 4335 1640 4405 fratrc
1674 4356 1796 4406 suo
1829 4339 2027 4406 Petro
2059 4336 2441 4420 Comitibus,
2492 4334 2739 4405 Comite
2768 4336 3008 4404 Farca·

765 4444 866 4512 sio
900 4451 966 4513 et
998 4442 1316 4534 magistro
1349 4441 1542 4512 Petro
1573 4445 1778 4514 fratre
1811 4442 2105 4513 eiusdem
2124 4495 2142 4529 ‚
2197 4443 2507 4513 Herclino
2538 4444 2581 4510 J
2585 4440 2778 4511 udice
2808 4445 3007 4511 Poso-

761 4552 1026 4638 nicusi,
1056 4550 1305 4621 Jacobo
1339 4553 1611 4639 antiquo
1641 4552 1877 4621 Judice
1910 4551 2377 4623 arbitrantibus
2400 4602 2418 4637 ,
2471 4552 2538 4618 in
2570 4552 2771 4619 talem
2819 4555 3006 4638 pacis

761 4660 1178 4730 concordiam
1211 4659 1671 4747 domuissent,
1728 4662 1902 4747 quod
1934 4660 2216 4746 predicti
2267 4661 2561 4748 hospites
2618 4659 2700 4726 de
2737 4657 3004 4749 Dycnus

766 4770 949 4842 etde
997 4771 1199 4843 Miser
1245 4791 1368 4861 pro
1422 4780 1628 4841 morte
1670 4767 1959 4860 predicti
2007 4766 2335 4840 Johannis
2383 4774 2644 4843 soluere
2686 4771 3001 4842 deberent
