3416 5313
1869 405 1960 474 68

1748 493 1874 504 ο,.-.-
1893 498 1984 504 Ϋ-ω,
1999 496 2072 502 ,με

787 604 1043 674 litteras
1098 601 1388 690 duplicis
1438 601 1641 689 sigilli
1688 607 1896 673 nostri
1947 604 2303 671 munimine
2356 605 2727 676 roboratas.
2789 605 3030 672 Datum

783 737 900 803 per
932 731 1161 781 manus
1195 713 1459 782 discreti
1490 713 1616 781 viri
1668 714 1968 800 magistri
1996 713 2331 783 Theodori
2379 713 2686 783 Albensis
2721 713 3025 783 Ecclesie

782 823 1115 910 Prepositi
1147 824 1297 890 aule
1329 829 1550 891 nostre
1571 823 2188 908 wico-Cancellarij
2213 822 2437 893 dilecti
2457 830 2523 890 et
2555 824 2771 893 fidelis
2802 822 3029 908 nostri,

782 950 955 997 anno
986 929 1253 998 Domini
1284 931 1385 998 Μ0
1418 929 1563 999 CC⁰
1590 933 2020 1017 nonagesimo
2067 932 2375 1019 secundo,
2414 932 2668 1002 decimo
2699 931 3027 1000 kalendas

782 1039 942 1124 Julij
965 1090 983 1124 ,
1035 1039 1413 1108 Indiccione
1446 1040 1708 1130 quinta,
1762 1042 1972 1128 Regni
2006 1049 2223 1110 autem
2255 1042 2463 1110 nostri
2495 1062 2668 1109 anno
2718 1040 3025 1109 secundo.

926 1235 1223 1309 (Eredetie
1250 1255 1285 1294 a
1310 1235 1366 1293 b.
1394 1236 1762 1312 Wesselenyi
1789 1237 1987 1297 csalad
2011 1237 2429 1299 leveltaraban.
2457 1238 2621 1294 &aba
2643 1236 2883 1308 Kdroly.)

1641 1535 1836 1545 ——h-o--ms
1867 1540 1872 1543 .
1987 1540 2034 1545 -.-
2077 1538 2164 1544 ...³—

1849 2067 1962 2135 43.

781 2269 914 2337 III.
936 2268 1149 2335 Eudo-e
1167 2267 1381 2353 kirdly
1399 2266 1687 2353 Sopwny
1707 2270 1893 2331 vairos
1900 2265 2229 2352 polydrait
2244 2267 2476 2352 joyailc
2493 2267 2668 2331 ircim
2690 2266 3023 2352 biztosity'a.

1809 2375 1845 2436 1
1854 2374 2003 2437 292.

993 2575 1294 2643 Andreas
1314 2573 1442 2640 Dei
1473 2575 1700 2658 gracia
1733 2574 1873 2638 Rex
1904 2572 2242 2655 Hungarie
2265 2573 2566 2643 fidelibus
2589 2572 2729 2641 suis
2769 2571 3018 2640 univer-

781 2685 875 2753 sis
909 2683 1158 2753 ciuibus
1192 2703 1308 2752 seu
1341 2684 1710 2770 hospitibus
1761 2682 1842 2749 de
1880 2682 2202 2767 Supronio
2253 2685 2531 2751 salutem
2585 2688 2651 2749 et
2703 2683 3019 2767 graciam.

780 2791 952 2872 Quia
979 2792 1296 2861 Comitem
1327 2795 1660 2880 Vlwyrum
1694 2799 1760 2858 et
1798 2791 2178 2876 magistrum
2212 2790 2539 2859 Andream
2585 2792 2891 2857 concines
2911 2811 3020 2856 ve-

782 2906 954 2969 stros
1007 2920 1148 2968 cum
1182 2901 1414 2969 litteris
1446 2902 1685 2971 vestris
1736 2900 1823 2967 ad
1872 2920 1992 2966 nos
2045 2900 2132 2967 ad
2185 2905 2411 2984 partes
2445 2907 2580 2966 tam
2612 2906 2899 2966 remotas
2932 2897 3022 2965 ad

779 3008 1179 3078 visitandam
1209 3028 1559 3095 personam
1589 3015 1904 3094 nostram,
1938 3017 2005 3076 et
2050 3009 2139 3076 ad
2187 3009 2667 3093 propalandam
2701 3009 3020 3091 querimo-

778 3118 952 3184 niam
984 3124 1275 3187 vestram
1307 3120 1409 3186 ad'
1428 3138 1550 3186 nos
1583 3117 2065 3203 transmisistis,
2086 3118 2389 3186 fidelitati
2423 3116 2889 3185 Universitatis
2909 3135 3015 3185 ve-

774 3231 913 3294 stre
945 3227 1286 3295 referimus
1320 3229 1560 3295 multas
1591 3230 1894 3312 gracias;
1947 3235 2212 3312 propter
2238 3226 2416 3310 quod
2445 3226 2752 3293 nimirum
2788 3226 2853 3291 in
2888 3245 3020 3292 om-

775 3335 968 3403 nibus
1001 3336 1274 3404 fecimus
1307 3345 1371 3403 et
1403 3337 1715 3403 faciemus
1746 3336 2171 3403 voluntatem.
2216 3334 2429 3422 Super
2464 3357 2544 3403 eo
2578 3343 2812 3418 autem,
2850 3335 3020 3417 quod

777 3444 1163 3529 magistrum
1186 3443 1228 3512 J
1233 3445 1557 3514 ohannem
1579 3445 1893 3512 Comitem
1915 3445 2425 3532 Soproniensem
2460 3453 2526 3513 et
2546 3444 2863 3521 Comitem
2897 3441 3019 3510 Ca-

748 3553 897 3619 stri
928 3552 1156 3619 Ferrei
1187 3552 1378 3620 vobis
1412 3552 1478 3617 in
1527 3552 1962 3637 capitaneum
1980 3552 2373 3638 prefecimus
2395 3604 2414 3639 ,
2467 3553 2806 3639 noueritis‚
2842 3553 3019 3637 quod

775 3680 904 3727 non
937 3659 1232 3747 fecimus,
1264 3660 1460 3728 immo
1485 3661 2023 3730 conseruabimus
2057 3681 2174 3730 vos
2208 3662 2276 3728 in
2307 3662 2425 3729 illa
2458 3668 2524 3730 et
2558 3662 2789 3729 eadem
2823 3660 3016 3728 liber-

774 3775 916 3836 tate
948 3774 1205 3857 vestra,
1255 3771 1323 3837 in
1355 3790 1484 3853 qua
1517 3790 1559 3837 a
1609 3775 1905 3855 tempore
1937 3770 2339 3839 dominorum
2371 3773 2532 3838 Bele
2577 3777 2640 3837 et
2673 3771 3016 3856 Stephani,

773 3878 1128 3948 Illustrium
1159 3881 1408 3968 Regum
1458 3881 1794 3968 Hungarie
1830 3880 2115 3950 felicium
2166 3880 2713 3966 recordacionem,
2756 3879 3016 3949 carissi-

776 4009 1023 4058 morum
1053 4010 1326 4059 auorum
1357 4000 1744 4079 nostrorum,
1766 3991 1950 4060 iuxta
1976 3991 2263 4079 ipsorum
2296 3992 2771 4060 continenciam
2814 3987 3015 4077 priui-

775 4097 1094 4186 legiorum
1155 4100 1615 4194 permansistis
1668 4119 1878 4185 usque
1930 4101 2141 4169 modo.
2196 4100 2277 4165 Et
2327 4102 2393 4167 id
2444 4100 2630 4170 vobis
2692 4099 3015 4168 faciemus

777 4208 941 4276 data
971 4208 1101 4276 fide
1133 4213 1364 4277 nostra
1398 4209 1651 4296 Regali,
1686 4216 1752 4275 et
1803 4208 2017 4277 adhuc
2050 4209 2115 4275 in
2147 4209 2439 4295 pluribus
2472 4216 2759 4277 vestram
2791 4228 3016 4294 preca-

773 4317 1026 4385 cioncm
1059 4316 1516 4403 admittemus3
1551 4320 1720 4386 sicut
1751 4318 1817 4383 in
1849 4317 2153 4394 libertate
2186 4324 2407 4385 vestra
2437 4318 2856 4405 priuilegium
2890 4319 3009 4384 Re-

773 4427 878 4513 gis
908 4427 1210 4495 Ladislai
1231 4429 1536 4513 continet,
1560 4435 1627 4495 et
1657 4434 1879 4495 nostro
1902 4427 2432 4496 confirmauimus
2457 4428 2831 4514 priuilegio,
2851 4429 3013 4494 Item

770 4536 1228 4620 concessimus,
1267 4536 1440 4620 quod
1472 4536 1853 4623 sagittarios
1873 4537 2170 4621 populos,
2206 4555 2369 4620 quos
2403 4536 2703 4604 dominus
2735 4534 3008 4621 Stepha-

769 4665 895 4714 nus
928 4654 993 4712 et
1039 4643 1338 4714 dominus
1388 4644 1737 4714 Ladislaus
1787 4647 2009 4733 Reges
2061 4645 2248 4714 vobis
2281 4646 2346 4712 in
2382 4645 2665 4731 populos
2698 4650 2762 4712 et
2796 4648 3012 4713 socios

771 4756 1187 4842 deputarunt,
1218 4754 1642 4840 relinquimus
1676 4764 1742 4826 et
1763 4775 1882 4826 nos
1913 4755 2126 4843 vobis,
2165 4755 2233 4822 in
2267 4756 2502 4824 eadem
2533 4754 2836 4823 libertate
2869 4771 3007 4841 per-
