3416 5313
1793 427 2112 526 μμ

1898 1054 1993 1121 ¹11.

706 1226 711 1229 Α
833 1265 1008 1331 Trau
1027 1319 1048 1354 ,
1095 1265 1390 1333 Sebenioo
1422 1270 1484 1334 e's
1531 1266 1869 1334 Scardona
1921 1273 2182 1335 vdrosok
2233 1293 2603 1358 uyyanazon
2637 1276 3069 1363 eqyczkedcsre

1345 1421 1351 1427 .
1481 1376 1825 1440 vonatkozd
1850 1376 2172 1462 kczcss6qe.
2209 1380 2405 1444 1294.

1038 1591 1111 1658 In
1145 1588 1379 1658 Christi
1415 1592 1678 1658 nomine
1712 1593 1942 1658 Amen.
1991 1593 2180 1660 Anno
2214 1595 2710 1664 Incarnacionis
2744 1601 2878 1666 eius
2915 1600 3055 1667 mil-

823 1697 1052 1764 lesimo
1105 1699 1552 1769 ducentesimo
1603 1702 2030 1787 nonagesimo
2079 1712 2315 1785 quarto
2368 1704 2742 1776 Indiccione
2778 1707 2921 1775 vn.
2953 1711 3063 1777 'dic

823 1805 1097 1874 Veneris
1127 1806 1244 1874 IX.
1296 1807 1589 1875 intrante
1640 1810 1874 1895 Aprili.
1929 1809 2187 1878 Nobilis
2231 1813 2329 1876 vir
2382 1812 2681 1884 dominus
2733 1818 3065 1884 Mattheus

823 1911 1008 1982 Lucii
1041 1912 1199 1983 civis
1233 1914 1576 2001 Tragurii‚
1631 1914 1950 2003 syndicus
1978 1968 1995 2001 ‚
2050 1926 2232 1987 actor
2272 1927 2338 1988 et
2388 1931 2773 2005 procurator
2823 1924 3061 1993 nobilis

821 2021 946 2087 viri
994 2021 1239 2090 domini
1271 2023 1620 2109 Philipuzii
1650 2025 1917 2109 Rogerii
1952 2027 2035 2093 de
2066 2026 2342 2094 Todinis
2397 2031 2559 2098 civis
2594 2033 2890 2115 Ancone‚
2947 2035 3061 2101 Po-

820 2129 1105 2214 testatis,
1140 2129 1419 2199 Consilii
1452 2140 1517 2198 et
1551 2130 1927 2201 Communis
1963 2134 2276 2222 Tragurii
2330 2135 2414 2202 ad
2449 2139 2879 2227 infrascripta
2918 2160 3060 2228 spe·

822 2235 1077 2306 cialiter
1110 2237 1534 2324 constitutus,
1571 2247 1643 2306 ut
1674 2242 2040 2310 continetur
2069 2244 2140 2309 in
2172 2245 2601 2314 instrumento
2645 2249 2807 2317 dicti
2840 2250 3061 2337 syndi-

821 2351 1006 2414 catus
1040 2346 1218 2416 facto
1265 2366 1436 2414 anno
1474 2347 1821 2418 Dominica
1853 2373 1893 2417 a
1926 2351 2293 2420 Nativitate
2345 2355 2691 2427 millesimo
2743 2360 3059 2428 ducente-

822 2455 989 2522 simo
1019 2455 1452 2537 nonagesimo
1487 2464 1720 2540 quarto
1754 2456 2130 2527 Indiccione
2162 2459 2308 2526 VII.
2333 2513 2351 2546 ,
2387 2461 2497 2531 die
2527 2465 2713 2532 Jovis
2751 2468 3061 2536 kalendis

816 2562 1084 2649 Aprilis,
1119 2570 1183 2628 et
1216 2563 1460 2647 scripto
1493 2584 1611 2649 per
1641 2566 2169 2636 manum'Sirocti
2204 2570 2382 2639 Petri
2414 2572 2495 2639 de
2515 2576 2810 2661 Ancona,
2846 2579 3057 2665 Impe-

816 2668 965 2736 riali
997 2672 1392 2739 auctoritate
1425 2680 1491 2738 et
1540 2695 1717 2743 nunc
1750 2673 2130 2744 Communis
2166 2680 2472 2767 Tragurii
2520 2687 2739 2756 Jurati
2783 2689 3058 2772 Notarii,

820 2798 862 2844 a
891 2797 995 2844 me
1045 2779 1333 2848 Antonio
1384 2781 1620 2851 Judice
1653 2790 1720 2849 et
1758 2785 2037 2854 Notario
2089 2787 2509 2874 infrascripto
2557 2794 2699 2861 viso
2752 2804 2817 2864 et
2870 2798 3057 2879 lecte,

815 2889 1079 2957 nomine
1109 2897 1175 2957 et
1205 2891 1349 2960 vice
1380 2892 1540 2959 dicti
1572 2896 1948 2978 Potestatis,
1983 2896 2256 2967 Consilii
2290 2907 2356 2967 et
2390 2901 2769 2973 Communis
2803 2903 3048 2991 Tragu-

821 2996 921 3083 rii,
955 3005 1022 3065 et
1051 3018 1170 3082 pro
1204 2999 1369 3086 ipsis
1403 3002 1701 3070 omnibus
1757 3001 2211 3091 fidejubendo,
2264 3016 2330 3074 et
2385 3029 2460 3077 se
2512 3031 2629 3096 pro
2679 3012 2885 3082 nobili
2916 3015 3056 3082 viro

814 3107 1078 3181 domino
1112 3106 1355 3174 Comite
1387 3110 1675 3196 Georgio
1707 3112 2128 3181 Berberiensi
2171 3122 2304 3184 tam
2340 3138 2457 3186 suo
2493 3121 2771 3207 nomine,
2808 3129 2873 3191 et
2906 3144 3053 3192 suo-
3146 3202 3149 3206 ,

820 3234 963 3282 rum
994 3215 1326 3281 hominum
1345 3268 1364 3301 ,
1400 3236 1593 3300 quam
1627 3220 1888 3286 nomine
1930 3218 2305 3290 Communis
2340 3232 2406 3292 et
2439 3225 2766 3299 hominum
2798 3231 3057 3299 Almisii

814 3322 1266 3408 principaliter
1315 3324 1672 3409 obligando
1728 3327 1795 3392 iu
1829 3328 2019 3395 libris
2055 3339 2119 3395 et
2150 3352 2268 3417 pro
2302 3331 2489 3402 libris
2543 3337 2733 3404 trium
2784 3340 3054 3407 millium

813 3431 1228 3498 denariorum
1262 3432 1656 3499 Venetorum
1688 3454 2078 3525 parvorum;
2114 3440 2417 3508 dominus
2442 3444 2733 3512 Marinus
2768 3448 3055 3515 Dorbnic

811 3537 1030 3606 Judex
1081 3535 1264 3606 Civis
1317 3539 1824 3625 Sybenicensis,
1909 3545 2263 3631 syndicus,
2317 3559 2704 3634 procurator
2757 3562 2821 3621 et
2872 3533 3056 3626 actor

815 3647 1085 3731 Egregii
1118 3646 1240 3713 viri
1294 3646 1539 3714 domini
1593 3648 1859 3736 Georgii
1890 3654 2140 3741 Jurisig
2193 3657 2274 3721 de
2308 3662 2634 3740 Berteris‚
2684 3664 3049 3734 Potestatis

811 3755 1279 3841 Sybenicensis
1301 3808 1317 3840 ‚
1368 3756 1697 3827 Milobrati
1733 3762 2061 3849 Drngozai
2082 3814 2100 3847 ,
2152 3766 2298 3832 Elie
2351 3770 2736 3857 Dragovani
2758 3824 2774 3855 ‚
2828 3776 3046 3844 Marse

814 3861 1118 3951 Gregorii
1151 3871 1217 3930 et
1246 3866 1482 3932 Marini
1524 3866 1815 3935 Drobine
1865 3872 2165 3942 Judicum
2220 3876 2395 3945 dicte
2430 3886 2598 3946 terre
2650 3882 3046 3969 Sybenicen-

812 3970 906 4037 sis
936 3970 1027 4037 ad
1082 3971 1502 4059 infrascripta
1553 3977 1932 4061 specialiter
1983 3984 2413 4073 constitutuS,
2475 3998 2541 4054 nt
2575 3990 2944 4060 continetur
2976 3995 3045 4060 in

809 4077 1251 4165 instrumento,
1293 4079 1451 4148 dicti
1501 4082 1902 4168 Syndicatus
1955 4088 2131 4157 facto
2180 4112 2352 4160 anno
2408 4094 2746 4166 Dominice
2788 4101 3043 4170 Nativi-

808 4186 965 4253 tatis
998 4184 1342 4256 millesimo
1393 4189 1840 4258 ducentesimo
1893 4201 2322 4284 nonagesimo
2381 4212 2613 4286 quarto
2664 4195 3064 4278 Indiccione*

807 4293 974 4381 VIL,
1005 4293 1116 4360 die
1148 4294 1334 4361 Jovis
1385 4297 1558 4363 VIII.
1592 4299 1881 4369 intrante
1932 4304 2175 4390 Aprili,
2231 4314 2297 4374 et
2328 4312 2574 4395 scripto
2626 4335 2743 4400 per
2777 4338 3041 4385 manum

808 4402 1146 4471 Vincencii
1178 4402 1437 4472 Diuiazi
1488 4408 1960 4490 Sybenicensis
1993 4415 2208 4482 Jurati
2240 4421 2300 4481 N
2303 4420 2513 4503 otarii‚
2550 4442 2593 4489 a
2625 4444 2722 4490 me
2753 4428 3040 4497 Antonio

804 4511 1035 4579 Judice
1090 4522 1151 4578 et
1179 4514 1456 4581 Notario
1506 4515 1944 4606 infrascripto
1978 4527 2120 4589 viso
2154 4532 2220 4593 et
2265 4529 2456 4613 lecto,
2494 4536 2752 4601 nomine
2786 4542 2851 4603 et
2898 4539 3045 4606 vice

807 4619 1126 4687 dictorum
1177 4624 1424 4690 domini
1456 4626 1851 4710 Potestatis,
1897 4631 2195 4699 Judicum
2232 4641 2298 4701 et
2330 4637 2600 4706 Consilii
2649 4651 2714 4708 et
2745 4645 3041 4712 Commu-

805 4729 906 4795 nis
939 4727 1430 4818 Sybenicensis,
1466 4742 1532 4798 et
1561 4753 1680 4818 pro
1714 4736 1877 4817 ipsis
1912 4741 2210 4811 omnibus
2243 4743 2679 4836 fidejubendo,
2715 4762 2779 4818 et
2811 4772 2884 4821 se
2916 4777 3033 4842 pro
