3416 5313
1342 468 1349 471 ·
1415 377 1538 440 137

375 595 519 641 cum
558 574 774 662 eundo
809 573 987 641 cadit
1036 573 1103 639 in
1135 571 1401 640 fluuium
1454 574 1762 640 Batnuka.
1810 575 2226 656 nominatum,
2258 592 2379 658 per
2411 591 2596 655 quem

368 686 498 750 itur
528 684 616 749 ad
648 683 1009 766 predictum
1058 681 1323 748 fluuium
1357 683 1630 764 Borsua,
1663 689 1730 748 et
1760 682 2001 749 abhinc
2034 682 2333 767 peruenit
2364 680 2454 751 ad
2485 678 2594 745 flu-

369 794 543 859 uium
577 790 925 859 Pasuncba
959 799 1382 856 memoratum
1434 790 1522 856 ad
1572 795 1813 857 metam
1845 792 2162 879 priorem;
2196 796 2260 857 et
2299 790 2394 857 sic
2425 797 2596 855 mete

370 900 698 985 prelibate
749 897 1189 983 possessionis
1250 897 1757 981 Feketeupotok·
1798 901 2265 982 terminantur,
2315 901 2482 965 sicut
2530 898 2594 962 in

369 1006 713 1093 priuilegio
746 1006 986 1091 prefati
1018 1004 1264 1071 domini
1284 1006 1606 1091 Stephani
1644 1005 1844 1090 Regis
1869 1010 2301 1092 comperimus
2331 1007 2599 1087 seriose,

369 1125 435 1183 et
466 1114 591 1182 fide
624 1114 902 1182 uidimus
923 1117 1247 1200 occulata,
1268 1122 1460 1200 prout
1492 1115 1699 1183 eciam
1733 1118 2034 1203 superius
2068 1122 2439 1185 annotatur.
2474 1113 2597 1194 Qui

370 1223 635 1308 quidem
670 1223 982 1307 ComiteS,
1034 1224 1412 1291 Dominicus
1447 1222 1701 1291 scilicet
1734 1235 1798 1291 et
1834 1225 2199 1291 Demetrius
2232 1225 2352 1309 filij
2384 1226 2598 1311 Nyco·

368 1335 481 1416 lai,
517 1355 597 1400 ac
628 1336 857 1402 Petrus
903 1332 1080 1399 filius
1127 1333 1454 1401 Johannis
1488 1332 1629 1419 fiilij
1682 1334 2014 1420 Farkasij,
2056 1334 2219 1419 ipsis
2254 1336 2601 1419 sexaginta

372 1443 609 1510 marcis
641 1443 729 1509 ab
762 1443 908 1527 ipso
944 1442 1191 1510 Gemite
1242 1441 1540 1527 Nycolao
1571 1444 1871 1527 plenarie
1903 1444 2203 1527 receptis,
2239 1443 2448 1527 ipsum
2481 1439 2603 1508 Oo-

370 1553 591 1618 mitem
624 1551 971 1618 Nicolaum
1005 1558 1070 1642 et
1104 1567 1261 1616 suos
1294 1548 1572 1617 heredes
1606 1570 1685 1616 ac
1707 1570 2124 1618 successores
2156 1551 2420 1617 racione
2453 1570 2598 1636 pre·

368 1662 542 1728 dicte
576 1660 1018 1745 possessionis
1069 1658 1570 1743 Feketeupotok
1626 1667 1862 1726 uocate
1894 1679 2205 1747 processu
2239 1666 2599 1744 temporum

371 1770 800 1854 sibimetipsis
830 1769 1173 1835 silencium
1206 1776 1560 1855 pepetuum
1595 1769 1985 1854 inponentes
2021 1788 2240 1833 coram
2271 1767 2479 1849 nobis,
2514 1766 2601 1832 ab

371 1878 670 1947 omnibus
708 1878 1056 1943 molestare
1108 1893 1223 1942 seu
1275 1877 1646 1958 inquietare
1690 1878 2061 1944 uolentibus
2114 1876 2461 1942 defensare
2499 1894 2601 1940 as-

366 1993 780 2071 sumpserunt
809 1986 1088 2071 propriJs
1107 1984 1401 2068 ipsorum
1438 1984 1777 2050 laboribus
1812 1991 1875 2051 et
1897 1983 2228 2068 expensis.
2264 1983 2349 2048 Vt
2383 1990 2597 2049 autem

367 2095 571 2162 series
604 2094 808 2180 ipsius
855 2093 1330 2159 inuiolabiliter
1381 2093 1588 2176 possit
1619 2111 2028 2178 permanere,
2081 2099 2304 2176 partes
2338 2111 2457 2158 nos
2489 2090 2597 2156 in-

367 2208 616 2271 stanter
645 2208 1079 2288 rogauerunt,
1133 2207 1204 2266 ut
1234 2207 1455 2267 nostro
1489 2198 1836 2285 priuilegio
1870 2200 2192 2286 premissa
2230 2199 2603 2266 intendere-

368 2332 511 2379 mus
546 2311 949 2380 confirmare.
978 2313 1117 2376 Nos
1136 2311 1335 2396 igitur
1366 2310 1535 2377 iuste
1572 2310 1880 2396 peticioni
1912 2312 2202 2398 parcium
2237 2316 2602 2379 annuentes

368 2440 572 2489 causa
606 2419 867 2511 iusticie
900 2419 1120 2485 omnia
1150 2421 1477 2507 premissa
1528 2419 1904 2503 redegimus
1953 2422 2019 2487 in
2049 2421 2361 2506 scriptum
2392 2426 2458 2486 et
2488 2441 2601 2507 ap-

369 2530 702 2618 posicione
734 2529 1089 2615 pendentis
1130 2527 1333 2613 sigilli
1386 2527 1592 2593 nostri
1644 2528 1950 2595 duximus
2001 2529 2438 2597 confirmanda
2487 2549 2602 2615 pro

366 2637 464 2708 rei
494 2638 807 2705 memoria
839 2641 1256 2722 sempiterna,
1293 2642 1359 2702 et
1391 2636 1861 2705 inuiolabiliter
1894 2637 2329 2706 obseruanda.
2363 2639 2603 2705 Datum

370 2750 437 2815 in
462 2748 636 2815 festo
668 2747 1051 2814 Natiuitatis
1083 2746 1266 2811 Beati
1316 2747 1645 2814 Johannis
1675 2747 1974 2832 Baptiste
2006 2768 2179 2813 anno
2214 2747 2474 2815 Domini
2504 2749 2603 2814 M⁰

369 2858 510 2926 00⁰
528 2845 952 2941 nonagesimo
973 2855 1225 2939 quinto.
1250 2852 1532 2922 Domino
1556 2857 1890 2923 Demetrio
1913 2856 2271 2941 Preposit0,
2292 2855 2602 2925 Johanka

371 2967 677 3048 Lectore,
736 2966 1121 3033 Chanadino
1175 2961 1456 3030 Cantore
1508 2969 1573 3029 et
1622 2963 1907 3032 Martino
1943 2965 2233 3033 Custode
2279 2964 2603 3050 magistris

368 3076 665 3143 Ecclesie
696 3083 915 3143 nostre
958 3073 1412 3141 existentibus.

763 3271 1056 3341 (Eredetie
1083 3288 1119 3327 a
1144 3288 1229 3341 gr.
1255 3267 1498 3341 Karolyi
1526 3266 1727 3326 csalad
1751 3267 2196 3339 leveltdoeaban.)

1248 3559 1748 3569 ’ψ-
