3416 5313
1781 386 1867 454 74

1770 1059 1878 1125 47.

719 1256 1184 1345 VilkyMiklds,
1231 1256 1418 1345 Vilky
1439 1256 1708 1344 Mihcily,
1746 1256 1959 1322 Bechk
1979 1255 2073 1344 (2)
2107 1260 2170 1322 e's
2198 1256 2414 1355 ιῙιιῙεεαό
2444 1256 2681 1321 νέεκένε
2710 1250 2955 1318 lemond

855 1367 1000 1433 Villa
1014 1367 1374 1453 jdsqunalc
1389 1365 1630 1453 selero'l
1660 1389 1702 1429 a
1722 1366 2031 1452 pozsonyi
2077 1363 2387 1451 kdptalan
2419 1363 2580 1433 οἰδα.
2617 1364 2815 1427 1292.

925 1553 1261 1631 Vniuersis
1294 1562 1534 1631 Christi
1569 1562 1870 1633 fidelibus
1902 1569 2243 1650 presentes
2270 1565 2525 1631 litteras
2558 1562 2956 1648 inspecturis

708 1674 1078 1760 Capitulum
1110 1675 1410 1743 Ecclesie
1459 1674 1883 1745 Posoniensis
1936 1680 2213 1745 salutem
2247 1676 2317 1742 in
2349 1675 2648 1743 Domino.
2681 1673 2785 1740 Ad
2817 1671 2955 1739 uni-

706 1804 1043 1852 uersorum
1094 1783 1409 1851 noticiam
1475 1791 1700 1853 tenore
1751 1785 2162 1868 presencium
2224 1785 2524 1877 uolumus
2577 1782 2945 1868 peruenire,

704 1891 876 1976 quod
907 1893 969 1958 N
974 1891 1185 1958 icolao
1217 1889 1350 1958 filio
1383 1890 1653 1958 Iwanch
1684 1891 1771 1958 de
1803 1893 2007 1980 Wylk
2040 1893 2126 1960 'ab
2158 1912 2290 1960 una
2322 1897 2512 1978 parte
2532 1940 2551 1969 ,
2602 1888 2952 1966 Michaele,

704 2000 953 2086 Bechk,
989 2006 1055 2067 et
1083 2001 1358 2083 Jacobo‚
1392 1999 1549 2085 filijs
1579 1998 1889 2087 Gregorij
1925 2001 2009 2068 ab
2044 2001 2275 2084 altera,
2313 2000 2694 2068 constitutis
2727 2017 2954 2086 perso-

704 2107 942 2174 naliter
974 2125 1195 2173 coram
1226 2104 1415 2173 nobis
1435 2157 1454 2191 ,
1488 2105 1661 2172 idem
1690 2107 2010 2176 Nicolaus
2051 2113 2153 2173 est
2186 2107 2527 2179 confessus
2547 2156 2567 2186 ,
2600 2103 2772 2191 quod
2807 2125 2953 2173 cum

707 2217 861 2286 olim
893 2219 1223 2302 predictus
1277 2216 1639 2299 Gregorius
1692 2225 1881 2304 pater
1913 2216 2121 2303 ipsius
2170 2217 2513 2286 Michaelis
2562 2223 2627 2283 et
2676 2215 2952 2281 fratrum

705 2346 986 2409 suorum,
1021 2327 1257 2394 relicta
1287 2323 1652 2392 hereditate
1674 2344 1797 2393 sua
1830 2325 1975 2394 sine
2006 2327 2284 2393 alicuius
2305 2325 2572 2395 honeris
2606 2320 2782 2413 (igy)
2809 2344 2952 2410 gra·

704 2437 964 2504 uamine
1001 2436 1082 2502 ob
1118 2434 1441 2518 quosdam
1491 2434 1916 2502 necessitatis
1952 2454 2069 2502 sue
2122 2436 2438 2502 articulos
2470 2435 2710 2503 abhinc
2746 2432 2953 2501 disce-

703 2546 870 2613 dens
902 2545 1138 2610 fuisset
1170 2539 1469 2627 pluribus
1502 2543 1696 2609 annis
1729 2542 1993 2628 absens,
2029 2550 2093 2611 et
2145 2545 2565 2630 postmodum
2617 2543 2735 2629 filij
2779 2543 2951 2610 eius-

712 2655 861 2734 dem
896 2652 1228 2737 Gregorij,
1259 2650 1569 2719 videlicet
1598 2652 1886 2720 Michael
1918 2663 1983 2719 et
2014 2653 2255 2724 fratres
2288 2653 2389 2721 sui
2411 2652 2733 2727 antedicti
2763 2672 2952 2737 repa-

707 2758 1450 2842 triantes-hereditatem
1470 2746 1825 2845 'paternam
1856 2762 2039 2847 ipsos
2074 2763 2562 2846 contingentem
2596 2762 2681 2827 ab
2715 2761 2951 2829 eodem

707 2872 983 2940 Nicolao
1035 2871 1335 2955 repetere
1385 2873 1933 2956 attemptassent,
2004 2870 2172 2937 idem
2222 2870 2555 2951 Nicolaus,
2593 2876 2949 2950 antequam

707 2981 1179 3066 agrederentur
1228 2978 1570 3044 materiam
1620 2978 1989 3061 questionis
2010 3029 2030 3063 ,
2096 2998 2582 3063 recognoscens
2634 2996 2749 3045 eos
2800 2998 2948 3045 esse

706 3089 873 3157 filios
893 3076 1172 3176 predicti
1192 3085 1520 3172 Gregorii,
1552 3088 1667 3170 qui
1700 3085 1964 3169 quidem
1986 3086 2344 3173 Gregorius
2369 3094 2433 3153 et
2454 3085 2663 3152 dictus
2684 3086 2951 3152 Iwanch

706 3207 897 3284 pater
947 3197 1152 3281 ipsius
1183 3196 1444 3264 Nicolai
1477 3194 1563 3262 ab
1611 3217 1741 3264 uno
1793 3217 1920 3264 auo
1953 3203 2105 3266 sunt
2154 3196 2407 3279 exorti,
2462 3202 2529 3263 et
2560 3214 2678 3282 per
2728 3214 2953 3262 conse-

707 3326 910 3389 quens
943 3306 1012 3372 in
1045 3305 1455 3372 dimidietate
1488 3310 1659 3371 terre
1692 3306 1983 3391 ipsorum
2017 3306 2220 3392 Wylk
2250 3312 2485 3373 uocate
2518 3303 2801 3371 eundem
2833 3304 2946 3371 Mi-

706 3415 1001 3483 chaelem
1034 3421 1099 3481 et
1131 3413 1370 3480 fratres
1406 3431 1555 3478 suos
1588 3414 1857 3500 plenum
1889 3414 1990 3484 ius
2024 3414 2274 3481 habere
2296 3463 2314 3497 ,
2349 3413 2431 3479 ob
2464 3413 2592 3481 hoc
2625 3413 2798 3480 idem
2829 3414 2951 3481 Ni·

711 3524 934 3592 colaus
966 3523 1038 3589 in
1068 3522 1279 3590 nostri
1311 3521 1657 3607 presencia
1708 3522 2188 3590 dimidietatem
2219 3521 2510 3604 eiusdem
2542 3530 2711 3587 terre
2744 3522 2949 3607 Wylk

706 3652 850 3699 cum
883 3629 1178 3698 omnibus
1203 3628 1601 3698 utilitatibus
1640 3635 1704 3694 et
1726 3630 2155 3717 pertinenciJs
2177 3630 2314 3697 suis
2338 3630 2591 3697 eisdem
2610 3628 2947 3716 Michaeli‚

704 3741 929 3808 Bechk
961 3744 1030 3805 et
1061 3737 1314 3805 Jacobo
1350 3738 1753 3823 supradictis
1785 3740 2071 3807 restituit
2103 3746 2168 3808 et
2187 3738 2479 3806 reddidit
2508 3758 2669 3824 pure
2701 3745 2766 3806 et
2798 3737 2948 3804 sim-

709 3848 961 3934 pliciter
1012 3846 1448 3934 resignando,
1504 3853 1571 3912 et
1600 3846 1761 3931 quia
1792 3847 1967 3915 idem
1998 3847 2314 3916 Nicolaus
2366 3846 2804 3914 hereditatem
2838 3865 2946 3915 eo·

704 3957 997 4025 rumdem
1029 3955 1171 4022 sine
1203 3955 1430 4040 iudicij
1465 3955 2075 4041 examinepacifice
2106 3956 2491 4043 resignauit‚
2524 3956 2736 4024 obhoc
2769 3955 2945 4022 utili·

705 4070 877 4133 tates
910 4070 977 4131 et
1008 4062 1253 4130 fructus
1303 4069 1569 4149 propter
1616 4062 1998 4131 absenciam
2046 4064 2255 4148 ipsius
2305 4063 2651 4133 Michaelis
2704 4070 2771 4130 et
2818 4064 2948 4133 fra-

708 4183 872 4244 trum
905 4193 1164 4243 suorum
1197 4193 1406 4259 usque
1436 4194 1606 4242 nunc
1638 4181 2010 4261 perceptos5
2038 4175 2240 4261 ydem
2270 4175 2556 4244 Michael
2604 4181 2669 4243 et
2700 4174 2943 4243 fratres

706 4286 826 4367 sui,
862 4284 1080 4377 *eidem
1113 4270 1394 4352 Nicolao
1445 4302 1607 4368 pure
1639 4286 2035 4352 relaxarunt.
2068 4284 2330 4352 Adiecit
2382 4284 2589 4352 eciam
2626 4284 2945 4353 Nicolaus

703 4392 1082 4479 sepedictus
1104 4440 1123 4476 ‚
1172 4391 1351 4478 quod
1384 4392 1842 4477 possessiones
1873 4392 2182 4476 ipsorum,
2216 4409 2380 4475 quas
2412 4390 2793 4459 detentores
2825 4391 2948 4460 sub

706 4503 896 4569 titulo
930 4501 1490 4587 inpignoracionis
1513 4553 1531 4588 ‚
1565 4503 1672 4569 uel
1702 4501 1960 4568 nomine
1992 4498 2269 4568 indebiti
2301 4506 2666 4585 ocuparunt
2696 4502 2947 4585 pariter

705 4620 770 4681 et
800 4611 1126 4679 communi
1159 4629 1452 4699 expensa
1483 4609 1821 4693 requirere
1853 4609 1960 4676 uel
1992 4608 2319 4676 redimere
2351 4609 2640 4693 debent,
2674 4615 2743 4675 et
2776 4629 2944 4694 quas

699 4719 1089 4791 redemerint
1120 4722 1226 4789 uel
1258 4719 1659 4810 optinuerint
1710 4737 1907 4786 unam
1938 4716 2407 4792 dimidietatem
2456 4718 2802 4810 redempte
2838 4719 2945 4788 uel
