3416 5313
1443 349 1529 415 47

365 563 548 630 mus,
599 544 972 614 discretioni
1006 550 1113 612 tue
1165 565 1281 632 per
1314 546 1700 632 Apostolica
1734 546 1980 629 scripta
2023 543 2293 613 firmiter
2323 542 2599 632 precipi-

365 654 534 721 endo
565 655 958 722 mandamus
977 706 995 739 ,
1032 661 1351 740 quatenus
1386 657 1470 724 de
1505 656 1779 723 consilio
1814 655 2179 736 aliquorum
2211 654 2485 720 fratrum
2515 653 2601 719 di-

357 768 716 832 scretorum
750 764 841 829 tui
878 763 1142 832 Ordinis
1176 764 1387 847 eligas
1422 765 1583 833 duos
1616 766 1697 831 de
1739 763 2052 831 fratribus
2087 761 2379 831 eiusdem
2413 759 2599 829 Ordi-

354 872 458 940 nis
490 877 601 940 tue
634 871 1247 958 administrationis,
1279 875 1576 960 ydoneos
1610 872 1696 941 ad
1719 872 2098 941 huiusmodi
2131 891 2293 961 opus
2328 870 2602 939 domini·

357 1001 503 1047 cum
561 980 1038 1062 exercendum,
1092 986 1203 1068 qui
1254 983 1564 1051 videlicet
1616 983 1752 1052 sint
1798 981 1937 1050 vita
1990 989 2057 1050 ct
2108 983 2602 1051 conversatione

354 1089 643 1177 probati,
676 1092 1038 1159 litterarum
1075 1093 1354 1161 scientia
1401 1091 1680 1180 prediti,
1736 1099 1802 1162 et
1852 1094 2141 1177 regionis
2181 1092 2320 1160 sive
2352 1092 2604 1178 provin·

354 1197 456 1264 cie
521 1199 783 1284 prefate
828 1201 1203 1287 ydcomatis
1250 1221 1379 1268 non
1426 1201 1681 1288 ignari,
1752 1200 1977 1283 eisque
2024 1200 2093 1265 in
2152 1200 2394 1267 virtute
2445 1199 2604 1266 obe-

352 1303 608 1373 dientie
676 1307 979 1377 districte
1030 1310 1420 1396 Apostolica
1483 1310 1828 1396 precipere
1906 1308 2310 1378 auctoritate
2379 1328 2610 1395 procu-

352 1435 505 1499 res,
561 1423 631 1482 ut
672 1416 1114 1502 inquisitionis
1149 1417 1433 1488 officium
1467 1419 1535 1484 in
1567 1419 1746 1486 dicto
1797 1418 2184 1504 Principatu
2233 1423 2463 1485 contra
2493 1418 2603 1485 he-

352 1524 641 1610 reticos,
694 1526 1076 1611 credentes,
1118 1527 1447 1613 fautores,
1497 1526 1884 1595 defensores
1917 1533 1985 1593 et
2014 1531 2464 1612 receptatores
2500 1543 2603 1593 eo-

350 1654 495 1702 rum
553 1634 735 1700 iuxta
784 1636 1058 1702 formam
1096 1636 1163 1701 in
1211 1636 1363 1703 aliis
1415 1637 1658 1705 nostris
1691 1635 1926 1703 litteris
1962 1655 2387 1721 expressam,
2439 1654 2605 1719 quas

359 1743 676 1811 fratribus
738 1743 1019 1833 predicti
1083 1744 1354 1813 Ordinis
1416 1744 1919 1829 Inquisitoribus
1985 1746 2358 1812 huiusmodi
2391 1743 2605 1831 pravi·

359 1853 525 1917 tatis
579 1852 649 1920 in
702 1838 1361 1939 Principatu'eodem
1398 1855 1788 1923 auctoritate
1839 1854 2226 1939 Apostolica
2288 1853 2605 1939 deputan-

360 1959 505 2043 dis,
562 1983 693 2028 non
732 1962 1063 2049 expressis
1099 1964 1462 2046 aliquorum
1518 1964 1926 2048 nominibus,
1979 1982 2177 2050 super
2223 1960 2606 2048 exequendo

351 2069 537 2136 dicto
569 2070 1027 2152 Inquisitionis
1063 2073 1276 2138 officio
1311 2072 1723 2140 destinamus
1746 2127 1762 2158 ,
1817 2073 2053 2155 exequi
2088 2071 2400 2140 studeant
2450 2069 2606 2136 dili-

354 2183 609 2261 genter.
642 2177 781 2244 Nos
815 2179 987 2243 enim
1039 2180 1379 2262 predictos
1420 2181 1590 2248 duos
1622 2183 1877 2267 fratres,
1930 2198 2088 2265 quos
2122 2183 2206 2249 ad
2236 2183 2361 2248 hoc
2395 2180 2608 2263 elege-

355 2287 455 2352 ris
485 2337 502 2370 ,
555 2293 623 2352 et
655 2294 998 2370 utrumque
1049 2288 1761 2375 ipsorum,.prefatum
1818 2289 2105 2357 officium
2157 2290 2393 2372 exequi
2424 2288 2608 2354 iuxta

354 2393 635 2462 formam
670 2397 736 2465 in
767 2397 1005 2464 litteris
1040 2398 1204 2482 ipsis
1236 2419 1642 2485 expressam,
1677 2419 1757 2465 ac
1792 2400 1974 2486 ipsos
2003 2399 2185 2467 illam
2218 2402 2607 2483 potestatem

356 2510 426 2571 et
457 2506 918 2574 auctoritatem
952 2508 1249 2594 plenarie
1281 2507 1525 2577 habere
1558 2510 1857 2576 volumus
1877 2558 1894 2591 ,
1954 2527 2080 2591 que
2114 2508 2180 2574 in
2232 2505 2476 2574 eisdem
2508 2504 2609 2573 lit-

355 2616 522 2682 teris
558 2615 991 2685 continentur.
1049 2615 1119 2683 Si
1151 2636 1308 2686 vero
1344 2623 1411 2683 tu
1432 2669 1449 2702 ,
1498 2621 1604 2686 vel
1635 2617 1937 2685 Vicarius
1972 2630 2123 2685 tuus
2145 2670 2164 2704 ,
2216 2623 2281 2685 te
2314 2615 2606 2698 absente,

359 2723 658 2806 aliquem
687 2722 1148 2808 Inquisitorem
1195 2726 1565 2793 huiusmodi
1606 2745 1689 2792 ex
1733 2728 1958 2810 aliqua
1996 2727 2168 2796 forte
2201 2745 2403 2794 causa
2449 2746 2608 2792 non-

357 2851 694 2915 nunquam
727 2832 868 2900 fore
900 2832 1206 2901 videbitis
1240 2836 1686 2915 amovendum,
1723 2837 1936 2921 ipsum
1960 2835 2324 2904 amoveatis
2365 2842 2431 2900 et
2461 2834 2608 2900 sub-

356 2941 657 3009 stituatis
690 2946 833 3009 loco
867 2944 1006 3009 eius
1037 2946 1236 3011 alium
1259 2994 1278 3029 ,
1313 2963 1504 3027 quem
1539 2944 1820 3011 similem
1852 2951 2255 3030 potestatem
2288 2950 2354 3010 et
2387 2949 2606 3012 aucto-

357 3049 633 3117 ritatem
664 3052 914 3119 habere
969 3056 1304 3144 volumus,
1354 3053 1660 3135 quotiens
1700 3054 1891 3122 vobis
1940 3053 2412 3121 deliberatione
2464 3072 2608 3120 cum

357 3158 698 3242 aliquibus
732 3160 1038 3229 discretis
1071 3161 1384 3227 fratribus
1419 3160 1581 3226 dicti
1618 3158 1886 3228 Ordinis
1916 3161 2281 3245 prehabita,
2313 3162 2437 3227 hoc
2467 3159 2607 3226 fore

359 3266 698 3352 videbitur
729 3270 1122 3336 faciendum.
1156 3272 1243 3336 Et
1276 3269 1334 3335 si
1366 3270 1677 3353 aliquem,
1712 3273 1820 3337 vel
1851 3270 2111 3353 aliquos
2145 3270 2609 3354 Inquisitorum

362 3374 682 3462 ipsorum,
720 3376 1045 3445 decedere
1077 3378 1246 3447 forte
1281 3376 1631 3464 contigerit
1650 3428 1668 3461 ,
1705 3398 1829 3445 nos
1864 3378 2302 3445 substituendi
2348 3376 2431 3444 de
2465 3395 2609 3442 con-

359 3484 512 3551 silio
545 3485 912 3570 aliquorum
965 3489 1399 3556 discretorum
1452 3487 1726 3556 fratrum
1763 3488 2052 3555 eiusdem
2103 3487 2360 3554 Ordinis
2406 3486 2608 3554 alium

357 3594 471 3660 vel
503 3594 674 3663 alios
707 3599 852 3665 loco
885 3598 1059 3664 illius
1092 3599 1198 3664 vel
1231 3597 1509 3680 illorum,
1536 3596 1645 3679 qui
1678 3597 2107 3680 decesserint,
2158 3598 2253 3664 ita
2288 3596 2462 3680 quod
2491 3596 2607 3661 hu·

360 3700 646 3771 iusmodi
695 3706 1033 3773 substituti
1089 3703 1335 3771 eisdem
1386 3705 1649 3794 omnino
1700 3704 2114 3772 auctoritate
2144 3723 2225 3770 ac
2281 3710 2609 3788 potestate

360 3813 742 3900 fungantur,
776 3816 902 3882 tibi
929 3815 1237 3896 dictoque
1269 3812 1576 3894 Vicario‚
1611 3813 1668 3881 si
1700 3821 1769 3879 tu
1807 3811 2057 3881 absens
2094 3813 2311 3898 fueris,
2346 3816 2608 3900 plenam

360 3930 428 3989 et
460 3923 739 3992 liberam
771 3925 1189 3993 concedimus
1225 3926 1448 3991 tenore
1481 3924 1885 4009 presentium
1917 3921 2320 3992 facultatem.
2368 3924 2610 3989 Datum

360 4035 544 4119 apud
577 4030 1135 4104 Urbem-Veterem
1169 4033 1257 4100 X.
1280 4031 1608 4100 kalendas
1642 4031 1909 4116 Aprilis,
1943 4031 2365 4099 Pontificatus
2402 4030 2610 4100 nostri

361 4162 539 4210 anno
583 4150 834 4227 quarto.

571 4340 689 4414 (IV.
716 4341 930 4399 Miklos
959 4338 1115 4414 papa
1141 4336 1522 4413 Regestaibol
1560 4337 1812 4397 Theiner
1838 4338 1915 4395 id.
1938 4356 2011 4397 m.
2038 4339 2081 4395 1.
2108 4339 2164 4397 k.
2191 4339 2315 4395 378.
2341 4337 2404 4409 l.)

1220 4636 1735 4649 Ἣ
