3416 5313
1312 461 1333 466 -
1431 371 1579 466 19,-.-
1664 435 1669 439 -

1416 1015 1522 1081 12.

355 1229 417 1294 A
449 1232 784 1315 veszpr6mi
812 1230 1122 1319 kciptalan
1141 1231 1679 1316 bizonysciqlevelo,
1715 1230 1875 1316 hoqy
1909 1232 2180 1317 Kinqusi
2209 1232 2410 1296 Βόηθε
2438 1229 2594 1318 yrdf

372 1341 690 1425 Veszpre'm
739 1340 1044 1404 miro-§ban
1093 1338 1227 1404 Ζέυὸ
1255 1340 1441 1404 telke't
1470 1339 1599 1403 Ράί
1634 1341 1858 1404 Izantai
1881 1342 2263 1428 preposinak
2294 1340 2592 1428 elzdloqo-

1272 1453 1447 1535 sitja.
1482 1449 1679 1514 1290.

571 1667 710 1732 Nos
745 1665 1057 1747 magister
1092 1665 1166 1728 A.
1201 1666 1604 1749 Preposituffi
1639 1672 1702 1730 et
1735 1665 2102 1751 Capitulum
2142 1666 2592 1750 vesprimien-

360 1774 453 1842 sis
487 1774 783 1838 Ecclesie
819 1774 1047 1839 damus
1081 1794 1198 1857 pro
1233 1775 1581 1857 memoria,
1636 1776 1810 1857 quod
1862 1773 2094 1841 Comes
2137 1773 2476 1842 Dionisius
2511 1777 2595 1843 de

366 1881 644 1966 Kingus,
677 1880 879 1947 frater
913 1882 1098 1948 Pauli
1134 1882 1460 1965 quondam
1504 1882 1807 1949 Cantoris
1843 1883 2137 1947 Ecclesie
2174 1888 2419 1966 nostre,
2454 1883 2596 1948 fun-

363 1992 514 2057 dum
547 2011 753 2071 suum,
790 2010 936 2057 cum
967 1990 1263 2056 omnibus
1298 1991 1598 2057 domibus
1632 2011 1712 2055 ae
1757 1990 2030 2058 edificiis
2083 1992 2148 2056 in
2195 1991 2430 2058 eodem
2465 1993 2597 2059 exi-

363 2098 705 2180 stentibu8‚
743 2119 932 2180 quem
970 2098 1165 2163 habet
1198 2099 1258 2162 in
1297 2099 1563 2166 civitate
1602 2100 2092 2187 vesprimiensi,
2130 2100 2388 2184 pignori
2428 2106 2597 2165 retu·

361 2210 440 2274 lit
473 2208 806 2292 obligasse
838 2209 973 2273 viro
997 2209 1285 2275 discreto
1321 2210 1635 2291 magistro
1659 2210 1866 2275 Paulo
1887 2207 2227 2292 Preposito
2271 2209 2591 2275 Hantensi

362 2318 542 2384 socio
577 2325 642 2382 et
675 2317 1119 2383 concanonico
1172 2324 1433 2397 nostro,
1488 2337 1602 2402 pro
1639 2316 1985 2382 duodecim
2039 2316 2262 2398 pensis
2298 2317 2601 2384 denario-

360 2444 501 2490 rum
536 2424 996 2492 Viennensium
1031 2446 1108 2490 ac
1134 2427 1364 2492 decem
1390 2424 1700 2508 denariis,
1737 2426 2031 2511 p'enarie
2057 2426 2343 2510 receptis
2376 2426 2460 2489 ab
2492 2445 2602 2493 eo-

363 2533 534 2616 dem,
570 2556 612 2600 a
641 2534 810 2600 festo
847 2534 1034 2598 Beati
1068 2534 1369 2618 Georgij,
1424 2534 1486 2597 in
1523 2535 1753 2600 eodem
1810 2533 1976 2600 festo
2008 2539 2153 2617 post
2195 2534 2359 2600 duos
2395 2554 2602 2601 annos

364 2641 847 2725 redimendum,
904 2662 1121 2708 coram
1158 2643 1345 2709 nobis
1368 2696 1385 2727 ‚
1440 2662 1579 2707 cum
1615 2641 1900 2725 pecunia
1933 2649 2322 2726 prenotata3
2358 2643 2417 2707 si
2448 2662 2605 2727 vero

364 2753 683 2835 completo
715 2753 863 2837 ipso
900 2753 1156 2820 biennio
1190 2773 1317 2820 non
1352 2752 1723 2832 redemerit,
1760 2762 1996 2820 extunc
2039 2753 2332 2818 incurret
2362 2772 2603 2837 penam

368 2859 594 2946 dupli,
643 2863 1028 2928 necessitate
1082 2860 1504 2946 obligationis
1554 2862 1729 2926 facte
1782 2881 2001 2926 coram
2051 2859 2240 2926 nobis
2289 2879 2407 2946 per
2457 2880 2609 2927 eun-

370 2969 539 3034 dem.
591 2966 829 3035 Datum
862 2971 929 3036 in
964 2970 1131 3037 festo
1166 2968 1396 3035 Sancti
1429 2967 1705 3050 Georgii
1736 2959 2044 3050 Martyris
2067 3013 2087 3048 ,
2138 2987 2310 3034 anno
2343 2966 2610 3034 Domini

367 3078 468 3143 Μ0
500 3077 639 3146 GO⁰
672 3080 1113 3162 nonagesimo.

746 3308 1042 3381 (Ei-edetis
1069 3327 1105 3365 a
1131 3307 1452 3378 veszpremi
1477 3306 1756 3378 kaptalan
1788 3304 2231 3377 leveltaraban.)

2221 4815 2304 4880 2*
