3416 5313
1384 387 1699 494 „js-„-

409 585 612 653 bilem
668 586 930 654 fratrem
985 591 1274 655 nostrum
1329 634 1345 652 .
1383 631 1396 646 .
1452 636 1468 653 .
1522 586 1899 654 Firmannm
1954 587 2356 677 Episcopum
2376 643 2394 678 ,
2449 593 2664 662 virum

409 694 636 778 utique
670 696 1015 781 providum
1050 702 1117 762 et
1150 695 1499 763 discretum
1523 747 1542 780 ,
1590 696 1940 765 virtutibus
1996 698 2327 784 preditum
2384 709 2449 768 et
2481 703 2661 770 insti·

404 805 497 871 tie
529 806 901 888 zelatorem,
939 825 1082 872 cum
1117 804 1318 889 plene
1351 803 1713 890 legationis
1748 804 1967 874 officio
2003 807 2402 894 destinavit,
2454 818 2526 878 ut
2558 813 2663 880 in-

406 913 657 981 directa
689 911 1045 998 dirigeret,
1097 918 1317 980 errata
1369 914 1737 1001 corrigeret
1771 920 1836 981 et
1877 914 2250 983 deformata
2299 917 2662 1004 prudenter

404 1022 813 1106 reformaret,
850 1044 931 1089 ac
965 1022 1282 1090 evelleret
1316 1029 1383 1089 et
1414 1025 1791 1091 destrueret
1821 1023 2005 1101 vitia,
2040 1025 2507 1110 plantaretque
2541 1030 2663 1095 vir-

408 1137 603 1212 tuteS,
639 1149 717 1195 ac
748 1131 932 1194 iuxta
965 1130 1252 1215 gratiam
1302 1151 1344 1225 a
1376 1132 1658 1198 Domino
1690 1132 1819 1197 sibi
1851 1131 2076 1198 datam
2130 1132 2510 1204 huiusmodi
2545 1157 2658 1222 pe·

404 1239 631 1306 riculis
665 1237 959 1304 obviaret
994 1261 1008 1301 :
1045 1258 1165 1324 per
1198 1238 1381 1306 cuius
1415 1238 1845 1308 ministerium
1878 1241 2227 1324 providum
2264 1252 2328 1310 et
2361 1245 2654 1330 pruden-

405 1352 564 1416 tiam
598 1348 1137 1433 circumspectam
1173 1349 1380 1416 multa
1401 1399 1417 1427 ,
1451 1357 1643 1435 prout
1677 1350 1740 1414 in
1776 1351 2078 1434 partibus
2124 1352 2255 1420 illis
2290 1373 2420 1421 non
2453 1355 2655 1422 habe·
2697 1362 2700 1367 '

405 1465 508 1524 tur
536 1457 963 1543 incognitum,
1010 1457 1101 1524 ad
1134 1457 1373 1526 bonum
1406 1467 1473 1525 et
1504 1457 1905 1525 laudabilem
1940 1466 2186 1526 statum
2217 1481 2658 1547 personarum

402 1567 999 1636 ecclesiasticarum
1032 1571 1096 1633 et
1146 1567 1541 1633 secularium
1595 1567 1751 1635 dicti
1799 1568 2014 1655 Regni
2062 1576 2316 1637 statuta
2374 1579 2442 1637 et
2474 1574 2655 1641 ordi-

401 1684 563 1745 nata
593 1676 870 1757 fuerunt,
907 1676 1116 1742 oculis
1151 1676 1391 1743 Divine
1423 1670 1798 1745 Maiestatis
1820 1685 2120 1763 accepta,
2157 1685 2220 1744 et
2262 1679 2390 1766 ipsi
2424 1684 2656 1765 Regno

399 1808 480 1852 ac
516 1785 657 1852 eius
696 1783 1181 1850 habitatoribus
1216 1786 1579 1851 fructuosa.
1631 1784 1923 1864 Quorum
1980 1787 2205 1870 aliqua
2256 1808 2373 1873 per
2424 1786 2655 1855 iamdi-

403 1900 574 1960 ctum
591 1896 832 1976 Regem
860 1892 1184 1976 promissa
1207 1890 1333 1979 (et)
1358 1895 1574 1962 iurata
1596 1895 1857 1960 fuerunt
1882 1894 1999 1961 snb
2025 1895 2430 1982 obligatione
2452 1916 2571 1965 sua
2595 1904 2661 1964 et

400 2004 601 2069 etiam
637 2003 797 2070 dicti
831 2004 1039 2087 Regni
1076 2028 1090 2069 :
1128 2003 1245 2069 sed
1279 2004 1451 2071 idem
1503 2005 1642 2069 Rex
1675 2006 2153 2091 promissione,
2191 2007 2557 2074 iuramento
2592 2013 2657 2075 et

401 2112 805 2198 obligatione
842 2111 1208 2178 huiusmodi
1260 2112 1527 2180 omnino
1560 2114 1968 2200 contemptis,
2022 2114 2326 2200 predicta
2359 2135 2485 2181 non
2521 2136 2653 2184 ser-

398 2221 602 2307 vavit,
635 2220 785 2288 dum
819 2222 1092 2307 viveret,
1139 2226 1202 2288 et
1236 2240 1308 2289 se
1342 2224 1720 2306 recognovit
1753 2223 1951 2291 etiam
1985 2243 2117 2289 non
2150 2241 2479 2311 servasse,
2529 2224 2648 2293 sic·

398 2335 471 2396 ut
504 2351 586 2398 ea
618 2351 740 2416 per
773 2338 1082 2416 patentes
1120 2340 1449 2418 apparent
1483 2332 1770 2416 apertius
1814 2334 2090 2416 litteras,
2126 2352 2250 2416 que
2285 2331 2350 2397 in
2382 2334 2651 2400 archivo

400 2439 594 2507 Sedis
626 2439 1010 2524 Apostolice
1061 2450 1534 2509 conservantur
1569 2464 1583 2503 ε
1621 2446 1892 2527 propter
1924 2438 2101 2524 quod
2149 2441 2215 2505 in
2270 2437 2498 2506 eodem
2533 2442 2651 2507 Re-

396 2569 525 2635 gno
561 2549 966 2617 turbationes
1000 2549 1399 2633 multiplices
1422 2599 1440 2634 ,
1478 2548 1926 2618 dissensiones
1961 2556 2028 2616 et
2062 2549 2382 2615 scandala
2416 2551 2654 2636 gravia

396 2660 846 2745 contigerunt,
895 2665 961 2725 et
1010 2660 1226 2728 adhuc
1278 2667 1489 2727 status
1542 2661 1684 2728 eius
1718 2660 1992 2727 fluctuat
2025 2667 2092 2726 et
2125 2659 2420 2726 vacillat.
2474 2661 2641 2730 Cum

398 2775 621 2837 autem
653 2788 769 2839 nos
803 2775 935 2837 tam
969 2770 1342 2853 periculoso
1375 2770 1583 2853 ipsius
1616 2769 1828 2853 Regni
1862 2768 2062 2837 statui
2096 2789 2273 2836 more
2309 2767 2403 2855 pii
2438 2772 2650 2855 patris

398 2878 873 2963 compatientes
923 2879 1009 2944 ab
1042 2878 1331 2963 intimis,
1383 2879 1828 2947 venerabilem
1875 2880 2148 2947 fratrem
2200 2886 2495 2946 nostrum
2533 2880 2648 2947 Jo-

396 2987 677 3052 hannem
711 2986 980 3055 Esinum
1002 2986 1419 3075 Episcopum,
1453 2986 1661 3055 virum
1684 2988 1909 3070 utique
1931 2988 2280 3073 providum
2316 2994 2380 3056 et
2402 2988 2647 3056 discre-

395 3103 525 3161 tum
561 3095 653 3162 ad
683 3095 1009 3181 prefatum
1040 3095 1335 3179 Regnum
1378 3093 1778 3163 fiducialiter
1801 3096 2245 3164 destinemus:
2278 3103 2348 3162 ut
2383 3096 2471 3163 ad
2504 3116 2651 3182 par-

394 3211 493 3271 tes
524 3204 676 3271 illas
713 3224 784 3271 se
810 3203 1254 3289 personaliter
1288 3203 1634 3272 conferens
1660 3254 1680 3289 ,
1731 3205 1811 3271 de
1845 3211 2021 3272 statu
2057 3206 2267 3292 ipsius
2302 3204 2537 3290 Regni,
2570 3217 2660 3270 ac

396 3314 536 3382 eius
569 3312 1074 3382 circumstantiis
1129 3321 1195 3381 et
1227 3312 1706 3381 conditionibus
1741 3314 2066 3383 universis
2086 3367 2104 3401 ,
2158 3321 2223 3390 et
2256 3314 2544 3397 qualiter
2577 3315 2645 3380 in

394 3422 627 3488 melius
662 3421 860 3507 dirigi
892 3430 954 3489 et
987 3422 1327 3493 salubrius
1350 3423 1574 3489 valeat
1605 3422 1981 3506 gubernari,
2008 3420 2303 3505 fideliter,
2338 3424 2532 3507 plene
2566 3443 2645 3487 ac

392 3532 644 3602 solicite
676 3531 1092 3617 informetur,
1153 3540 1220 3600 et
1252 3552 1372 3599 nos
1394 3583 1413 3611 ,
1470 3531 1703 3614 quibus
1735 3533 1946 3617 Regni
1978 3531 2261 3618 predicti
2301 3538 2526 3616 utpote
2559 3531 2647 3599 ad

391 3646 754 3710 Romanam
804 3640 1195 3723 pertinentis
1264 3641 1635 3708 Ecclesiam
1686 3660 1846 3707 cura
1907 3639 2261 3725 peculiaris
2314 3640 2643 3723 incumbit,

392 3769 510 3837 per
542 3769 685 3815 eum
717 3746 799 3813 de
831 3752 1025 3828 statu,
1074 3744 1559 3836 conditionibus
1582 3741 1658 3813 'et
1691 3747 2207 3816 circumstantiis
2242 3748 2643 3834 supradictis

391 3854 730 3925 certificati
780 3854 1044 3922 tandem
1100 3857 1360 3940 plenius
1412 3863 1478 3922 et
1525 3855 1869 3941 instructi,
1926 3857 2103 3924 circa
2150 3856 2477 3943 prefatum
2513 3859 2634 3923 Re-

389 3986 588 4049 gnum
621 3971 685 4030 et
735 3969 976 4031 statum
1028 3964 1203 4030 illius
1257 3967 1588 4049 possimus
1626 3965 1715 4032 ad
1766 3964 2029 4031 laudem
2080 3967 2203 4033 Dei
2258 3972 2321 4030 et
2355 3966 2638 4048 quietem

389 4072 676 4141 fidelium
711 4071 932 4138 utilius
965 4078 1032 4138 et
1084 4070 1412 4141 efficacius
1457 4073 1822 4158 providere.
1872 4073 2194 4156 Quocirca
2246 4072 2639 4143 universita-

388 4190 516 4248 tem
549 4187 835 4249 vestram
868 4201 1177 4267 rogamus
1229 4189 1297 4248 et
1328 4183 1660 4249 hortamur
1692 4190 1946 4252 attente
1970 4239 1987 4272 ,
2022 4184 2482 4252 nichilominus
2517 4204 2637 4251 vo-

384 4291 488 4360 bis
543 4310 659 4376 per
690 4291 1071 4378 Apostolica
1123 4293 1372 4378 scripta
1429 4291 1844 4375 mandantes,
1882 4300 1951 4359 ut
1996 4291 2386 4360 assistentes
2421 4290 2639 4359 eidem

384 4404 558 4468 circa
586 4401 941 4487 “premissa
992 4399 1289 4469 consiliis
1343 4404 1408 4466 et
1458 4399 1723 4468 auxiliis
1775 4403 2112 4489 oportunis
2134 4452 2152 4486 ‚
2204 4401 2328 4468 stb.
2384 4400 2634 4468 Datum

393 4509 570 4597 apud
601 4508 1153 4577 UrbemVeterem
1186 4507 1334 4577 1111.
1368 4528 1579 4578 nonas
1609 4511 1934 4596 Januarii,
1968 4510 2393 4578 Pontificatus
2426 4507 2638 4575 nostri

389 4618 565 4687 anno
595 4621 805 4685 tertio.

608 4730 682 4794 In
718 4748 772 4793 e.
807 4748 894 4795 m.
914 4727 1179 4795 dilectis
1208 4726 1355 4797 filiis
1389 4727 1739 4797 Nobilibus
1772 4729 1928 4798 viris
1962 4728 2278 4810 Ducibus,
2302 4722 2627 4793 Marchio-
