3416 5313
1924 402 2056 471 236
2104 500 2136 508 --

851 619 1116 685 cionem
1167 623 1234 682 et
1281 619 1673 685 mandatum.
1734 619 1981 688 Datum
2014 619 2313 688 Sabbaio
2365 624 2513 704 post
2565 620 2961 702 quindenam
3001 620 3132 685 As-

841 723 1251 810 sumpcionis
1309 726 1518 795 Beate
1571 726 1868 812 Virginis
1931 748 2107 797 anno
2158 728 2425 795 Domini
2470 729 2573 797 M⁰
2627 728 2771 797 00⁰
2821 747 3128 816 nonage-

847 854 1009 901 simo
1058 853 1251 902 nono.

1060 1030 1281 1100 ἄρθμιοι.
1327 1027 1728 1100 B6rhartyara
1752 1028 1891 1087 irott
1914 1026 2215 1098 zartlevel,
2242 1028 2512 1099 melynek
2538 1027 2793 1086 hatirata
2821 1047 2887 1085 ez
2915 1050 2927 1081 :
2961 1028 3126 1101 „Pto

843 1120 1129 1176 Michaele
1154 1119 1277 1174 filio
1299 1119 1604 1178 Deuecher
1631 1139 1808 1195 super
1828 1120 2300 1177 reambulacione
2326 1125 2483 1176 terre
2504 1120 2767 1176 Ladislai
2797 1119 2899 1190 filij
2923 1119 3126 1176 Iwan·

843 1210 924 1265 ka
952 1226 1145 1266 coram
1170 1211 1347 1267 Petro
1377 1218 1436 1267 et
1464 1217 1713 1282 quatuor
1738 1208 2096 1268 Judieibus.“
2139 1209 2394 1267 Masolta
2421 1207 2653 1268 Horvat
2690 1208 2891 1268 Istvan
2931 1228 2967 1266 a
2996 1211 3126 1266 Ka-

843 1299 1157 1375 pos-Merei
1182 1300 1384 1374 Merey
1410 1300 1624 1360 Laszlo
1652 1302 2057 1375 poldanyabol.
2107 1292 2300 1374 Eruby.)

1727 1603 1793 1610 ..ν
1824 1604 1829 1607 -
1848 1604 1865 1609 ⁴
1894 1603 2246 1614 -—-.-—--—-

1920 2149 2064 2217 154.

838 2350 1055 2416 Istvdn
1105 2348 1671 2433 alorsqubirdnak
1721 2348 2016 2414 Zaa-chalc
2066 2351 2128 2413 6⁸
2184 2345 2819 2433 Arkybanazurchuk
2872 2343 3117 2430 helyse-

843 2459 1052 2544 9ekre,
1084 2454 1431 2547 vonatkozd
1455 2454 1661 2521 itelete
1711 2478 1753 2519 a
1786 2455 2451 2542 kirdlyne'JObbdyyai
2481 2456 2547 2518 6⁸
2577 2476 2621 2517 a
2650 2452 2975 2517 Zarchuki
3008 2474 3119 2516 ne·

1660 2565 1866 2632 mesela
1897 2565 2055 2628 k‘o'zt.
2092 2564 2287 2629 1299.

1052 2762 1190 2831 Nos
1224 2763 1459 2830 Comes
1493 2762 1868 2848 Stephanus
1904 2760 2324 2830 vice-‚Iudex
2373 2760 2567 2827 Ourie
2602 2759 2866 2826 Domini
2899 2757 3116 2842 Regis
3222 2849 3225 2854 μ

839 2869 1146 2937 memorie
1195 2869 1729 2938 commendamus
1783 2868 2232 2958 significantes
2286 2869 2523 2952 quibus
2557 2866 2823 2954 expedit
2871 2871 3114 2934 tenore

840 2979 1252 3062 presencium
1301 2980 1664 3060 vniversis,
1721 2980 1897 3061 quod
1950 2999 2094 3046 cum
2145 2978 2507 3048 Ladizlaus
2555 2975 2728 3043 filius
2766 2974 2984 3057 Rusd,
3048 2984 3120 3042 et

835 3090 1014 3154 Dees
1046 3087 1214 3153 filius
1245 3086 1631 3175 Tyburehii,
1658 3090 2087 3158 exercituales
2112 3088 2518 3174 jobagiones
2552 3084 2816 3152 domine
2849 3082 3114 3165 Regine

836 3193 1212 3281 Hungarie,
1262 3192 1526 3262 domine
1574 3200 1819 3277 nostre,
1873 3194 2313 3279 personaliter
2355 3197 2834 3279 comparentes,
2890 3190 3111 3273 Zoda‚

837 3299 1079 3385 Opour‚
1113 3303 1277 3369 Bors
1310 3308 1377 3368 et
1406 3300 1781 3387 Nicolaum,
1810 3301 1980 3370 filios
2012 3302 2227 3368 Blasii
2262 3302 2499 3369 nobilis
2534 3300 2618 3368 de
2652 3298 2980 3381 Zurchuk‚
3008 3317 3098 3365 ex

835 3410 1073 3492 quibus
1107 3414 1171 3476 et
1220 3427 1340 3492 pro
1375 3411 1611 3491 quibus
1643 3408 1846 3476 iidem
1901 3409 2089 3478 Zoda
2121 3415 2184 3476 et
2217 3412 2388 3479 Bors
2423 3430 2569 3477 cum
2622 3407 3111 3494 procuratoriis

834 3515 1071 3584 litteris
1105 3515 1392 3603 Capituli
1425 3517 1985 3605 Wezprimyensis
2020 3519 2406 3603 astiterunt,
2441 3517 2804 3585 traxissent
2836 3514 2903 3581 in
2942 3534 3111 3581 cau·

838 3645 985 3694 sam
1016 3644 1239 3692 coram
1273 3625 1485 3711 nobis,
1520 3623 1677 3693 dicti
1718 3627 2078 3695 Ladizlaus
2113 3634 2178 3695 et
2208 3628 2390 3698 Dees
2422 3633 2652 3693 contra
2685 3623 2952 3691 eosdem
2986 3642 3112 3690 no·

835 3731 1004 3797 biles
1044 3731 1301 3800 litteras
1357 3732 1660 3819 Magistri
1713 3733 2044 3801 Leurente
2097 3732 2372 3802 Comitis
2425 3730 2984 3818 Wezprimyensis
3045 3738 3116 3797 et

837 3848 1116 3921 quatuor
1154 3837 1454 3906 Judicum
1512 3841 1810 3909 eiusdem
1866 3841 2227 3911 Comitatus
2261 3841 2723 3927 inquisitorias
2775 3817 2844 3908 in
2895 3837 3116 3924 figura

839 3949 882 4015 J
888 3944 1081 4011 udicii
1101 3945 1548 4015 exhibuerunt
1570 3949 2009 4033 continentes,
2047 3951 2221 4035 quod
2251 3950 2455 4032 Zoda‚
2487 3954 2652 4016 Bors
2687 3954 2755 4014 et
2783 3947 3116 4015 Nicolaus

835 4050 1111 4134 predicti
1141 4058 1207 4119 et
1239 4058 1509 4143 cognati
1531 4058 1891 4126 eorundem
1924 4060 1989 4123 in
2023 4060 2276 4127 octauis
2298 4058 2689 4127 Natiuitatis
2709 4057 2922 4125 Beate
2955 4056 3112 4122 Vir-

840 4158 1012 4244 ginis
1047 4161 1172 4228 hoe
1205 4182 1380 4232 anno
1415 4168 1685 4234 eosdem
1717 4164 2098 4235 Ladizlaum
2121 4218 2139 4253 ,
2193 4169 2373 4235 Dees
2406 4175 2477 4234 et
2509 4170 2835 4254 cognatos
2875 4182 3110 4231 eorum

837 4265 1353 4353 destruxissent,
1403 4275 1728 4357 quosdam
1763 4296 1847 4343 ex
1898 4276 1993 4341 eis
2044 4275 2496 4361 captiuassent
2514 4324 2532 4357 ,
2591 4274 2913 4359 quosdam
2943 4290 3115 4339 vero

837 4377 1188 4446 enormiter
1215 4381 1700 4466 uerba-assent,
1726 4384 1946 4451 omnia
1988 4382 2162 4449 bona
2184 4403 2406 4451 eorum
2429 4380 2695 4469 penitus
2719 4379 3110 4464 auferendo,

839 4482 1204 4555 adicientes
1237 4493 1411 4571 quod
1443 4491 1713 4561 domina
1747 4491 2005 4577 Regina
2058 4499 2301 4558 terram
2353 4491 2420 4557 in
2460 4491 2768 4558 Zurchuk
2820 4488 3107 4556 haberet

834 4589 1492 4680 Arkybanazurchuk
1524 4604 1853 4684 uocatam,
1894 4617 2090 4683 super
2122 4617 2254 4683 qua
2288 4598 2450 4665 dicti
2474 4599 2877 4683 jobagiones
2914 4614 3107 4663 exer-

831 4697 1110 4771 cituales
1142 4701 1318 4772 dicte
1350 4702 1609 4772 domine
1660 4704 1911 4790 Regine
1949 4704 2229 4771 fuissent
2279 4704 2598 4773 destructi
2651 4724 2772 4789 per
2825 4700 3095 4769 nobiles
