<?xml version="1.0" encoding="UTF-8"?>
<!DOCTYPE html PUBLIC "-//W3C//DTD XHTML 1.0 Transitional//EN"
    "http://www.w3.org/TR/xhtml1/DTD/xhtml1-transitional.dtd">
<html xmlns="http://www.w3.org/1999/xhtml" xml:lang="en" lang="en">
 <head>
  <title>
</title>
<meta http-equiv="Content-Type" content="text/html;charset=utf-8" />
  <meta name='ocr-system' content='tesseract 3.04.00' />
  <meta name='ocr-capabilities' content='ocr_page ocr_carea ocr_par ocr_line ocrx_word'/>
</head>
<body>
  <div class='ocr_page' id='page_1' title='image "./rpdkorijokmnytr01wenzgoog_0133.png"; bbox 0 0 3416 5313; ppageno 0'>
   <div class='ocr_carea' id='block_1_1' title="bbox 1400 404 1522 471">
    <p class='ocr_par' dir='ltr' id='par_1_1' title="bbox 1400 404 1522 471">
     <span class='ocr_line' id='line_1_1' title="bbox 1400 404 1522 471; baseline 0 -1"><span class='ocrx_word' id='word_1_1' title='bbox 1400 404 1522 471; x_wconf 89' lang='lat'><strong>101</strong></span> 
     </span>
    </p>
   </div>
   <div class='ocr_carea' id='block_1_2' title="bbox 1299 493 1615 508">
    <p class='ocr_par' dir='ltr' id='par_1_2' title="bbox 1299 493 1615 508">
     <span class='ocr_line' id='line_1_2' title="bbox 1299 493 1615 508; baseline 0 4805"><span class='ocrx_word' id='word_1_2' title='bbox 1299 493 1615 508; x_wconf 95' lang='lat' dir='ltr'><strong> </strong></span> 
     </span>
    </p>
   </div>
   <div class='ocr_carea' id='block_1_3' title="bbox 1390 1028 1504 1095">
    <p class='ocr_par' dir='ltr' id='par_1_3' title="bbox 1390 1028 1504 1095">
     <span class='ocr_line' id='line_1_3' title="bbox 1390 1028 1504 1095; baseline 0.009 -1"><span class='ocrx_word' id='word_1_3' title='bbox 1390 1028 1504 1095; x_wconf 73' lang='lat'><strong>⁶5.</strong></span> 
     </span>
    </p>
   </div>
   <div class='ocr_carea' id='block_1_4' title="bbox 325 1223 2569 1527">
    <p class='ocr_par' dir='ltr' id='par_1_4' title="bbox 325 1223 2569 1527">
     <span class='ocr_line' id='line_1_4' title="bbox 326 1223 2566 1313; baseline 0.001 -24"><span class='ocrx_word' id='word_1_4' title='bbox 326 1223 389 1289; x_wconf 88' lang='lat' dir='ltr'><strong><em>A</em></strong></span> <span class='ocrx_word' id='word_1_5' title='bbox 414 1229 713 1312; x_wconf 75' lang='lat' dir='ltr'><strong>pozsonyi</strong></span> <span class='ocrx_word' id='word_1_6' title='bbox 742 1225 1049 1312; x_wconf 75' lang='lat' dir='ltr'><strong>kdptalan</strong></span> <span class='ocrx_word' id='word_1_7' title='bbox 1078 1225 1618 1313; x_wconf 69' lang='lat' dir='ltr'><strong>bizonysnglcvcle‚</strong></span> <span class='ocrx_word' id='word_1_8' title='bbox 1668 1226 1827 1313; x_wconf 73' lang='lat' dir='ltr'><strong>hoyy</strong></span> <span class='ocrx_word' id='word_1_9' title='bbox 1873 1227 2023 1291; x_wconf 83' lang='lat' dir='ltr'><strong>Zori</strong></span> <span class='ocrx_word' id='word_1_10' title='bbox 2060 1227 2199 1292; x_wconf 76' lang='lat' dir='ltr'><strong>Oka</strong></span> <span class='ocrx_word' id='word_1_11' title='bbox 2230 1229 2292 1293; x_wconf 71' lang='lat'><strong>6⁸</strong></span> <span class='ocrx_word' id='word_1_12' title='bbox 2327 1226 2566 1309; x_wconf 76' lang='lat' dir='ltr'><strong>Simon,</strong></span> 
     </span>
     <span class='ocr_line' id='line_1_5' title="bbox 325 1332 2569 1422; baseline 0.001 -27"><span class='ocrx_word' id='word_1_13' title='bbox 325 1333 560 1398; x_wconf 76' lang='lat' dir='ltr'><strong>k-iknek</strong></span> <span class='ocrx_word' id='word_1_14' title='bbox 605 1335 881 1397; x_wconf 55' lang='lat' dir='ltr'><strong>testvdrdt</strong></span> <span class='ocrx_word' id='word_1_15' title='bbox 932 1332 1174 1397; x_wconf 61' lang='lat' dir='ltr'><strong>Eudo-dt</strong></span> <span class='ocrx_word' id='word_1_16' title='bbox 1222 1334 1425 1397; x_wconf 74' lang='lat' dir='ltr'><strong>Jdnos</strong></span> <span class='ocrx_word' id='word_1_17' title='bbox 1444 1384 1460 1415; x_wconf 90' lang='lat'><em>,</em></span> <span class='ocrx_word' id='word_1_18' title='bbox 1514 1334 1802 1397; x_wconf 78' lang='lat' dir='ltr'><strong>Bencdek</strong></span> <span class='ocrx_word' id='word_1_19' title='bbox 1840 1337 2140 1421; x_wconf 78' lang='lat' dir='ltr'><strong>pozsonyi</strong></span> <span class='ocrx_word' id='word_1_20' title='bbox 2187 1335 2569 1422; x_wconf 73' lang='lat' dir='ltr'><strong>vdrj0bbdqy</strong></span> 
     </span>
     <span class='ocr_line' id='line_1_6' title="bbox 667 1440 2226 1527; baseline 0.001 -23"><span class='ocrx_word' id='word_1_21' title='bbox 667 1442 953 1527; x_wconf 71' lang='lat' dir='ltr'><strong>szolqdja</strong></span> <span class='ocrx_word' id='word_1_22' title='bbox 981 1440 1260 1526; x_wconf 75' lang='lat' dir='ltr'><strong>meq&#39;o‘ltc,</strong></span> <span class='ocrx_word' id='word_1_23' title='bbox 1293 1441 1534 1508; x_wconf 65' lang='lat' dir='ltr'><strong>eukkez</strong></span> <span class='ocrx_word' id='word_1_24' title='bbox 1567 1442 1991 1527; x_wconf 75' lang='lat' dir='ltr'><strong>eyyezkedtek.</strong></span> <span class='ocrx_word' id='word_1_25' title='bbox 2033 1444 2226 1507; x_wconf 86' lang='lat'><strong><em>1294.</em></strong></span> 
     </span>
    </p>
   </div>
   <div class='ocr_carea' id='block_1_5' title="bbox 1108 1659 1768 1728">
    <p class='ocr_par' dir='ltr' id='par_1_5' title="bbox 1108 1659 1768 1728">
     <span class='ocr_line' id='line_1_7' title="bbox 1108 1659 1768 1728; baseline 0 -2"><span class='ocrx_word' id='word_1_26' title='bbox 1108 1659 1180 1726; x_wconf 87' lang='lat' dir='ltr'><strong>A.</strong></span> <span class='ocrx_word' id='word_1_27' title='bbox 1401 1662 1472 1728; x_wconf 91' lang='lat' dir='ltr'><strong>B.</strong></span> <span class='ocrx_word' id='word_1_28' title='bbox 1692 1659 1768 1726; x_wconf 84' lang='lat' dir='ltr'><strong>O.</strong></span> 
     </span>
    </p>
   </div>
   <div class='ocr_carea' id='block_1_6' title="bbox 315 1855 2567 4223">
    <p class='ocr_par' dir='ltr' id='par_1_6' title="bbox 315 1855 2567 4223">
     <span class='ocr_line' id='line_1_8' title="bbox 536 1855 2564 1944; baseline -0.003 -18"><span class='ocrx_word' id='word_1_29' title='bbox 536 1861 672 1927; x_wconf 87' lang='lat' dir='ltr'><strong>Nos</strong></span> <span class='ocrx_word' id='word_1_30' title='bbox 709 1856 1085 1944; x_wconf 85' lang='lat' dir='ltr'>Capitulum</span> <span class='ocrx_word' id='word_1_31' title='bbox 1138 1857 1436 1927; x_wconf 85' lang='lat' dir='ltr'><strong>Ecclesie</strong></span> <span class='ocrx_word' id='word_1_32' title='bbox 1473 1856 1897 1925; x_wconf 89' lang='lat' dir='ltr'><strong>Posoniensis</strong></span> <span class='ocrx_word' id='word_1_33' title='bbox 1948 1855 2398 1941; x_wconf 85' lang='lat' dir='ltr'><strong>significamus</strong></span> <span class='ocrx_word' id='word_1_34' title='bbox 2428 1856 2564 1921; x_wconf 82' lang='lat' dir='ltr'><strong>uni-</strong></span> 
     </span>
     <span class='ocr_line' id='line_1_9' title="bbox 320 1967 2563 2052; baseline 0 -20"><span class='ocrx_word' id='word_1_35' title='bbox 320 1967 557 2052; x_wconf 88' lang='lat' dir='ltr'><strong>uersis,</strong></span> <span class='ocrx_word' id='word_1_36' title='bbox 592 1968 827 2050; x_wconf 87' lang='lat' dir='ltr'><strong>quibus</strong></span> <span class='ocrx_word' id='word_1_37' title='bbox 863 1967 1133 2052; x_wconf 87' lang='lat' dir='ltr'><strong>expedit</strong></span> <span class='ocrx_word' id='word_1_38' title='bbox 1169 1986 1288 2050; x_wconf 87' lang='lat' dir='ltr'><strong>per</strong></span> <span class='ocrx_word' id='word_1_39' title='bbox 1321 1973 1683 2051; x_wconf 79' lang='lat' dir='ltr'><strong>presentes,</strong></span> <span class='ocrx_word' id='word_1_40' title='bbox 1726 1967 1899 2048; x_wconf 89' lang='lat' dir='ltr'><strong>quod</strong></span> <span class='ocrx_word' id='word_1_41' title='bbox 1934 1967 2306 2032; x_wconf 86' lang='lat' dir='ltr'><strong>constitutis</strong></span> <span class='ocrx_word' id='word_1_42' title='bbox 2340 1985 2563 2049; x_wconf 87' lang='lat' dir='ltr'><strong>perso-</strong></span> 
     </span>
     <span class='ocr_line' id='line_1_10' title="bbox 316 2072 2562 2158; baseline -0.002 -19"><span class='ocrx_word' id='word_1_43' title='bbox 316 2077 564 2143; x_wconf 82' lang='lat' dir='ltr'><strong>naliter</strong></span> <span class='ocrx_word' id='word_1_44' title='bbox 597 2095 817 2142; x_wconf 88' lang='lat' dir='ltr'><strong>coram</strong></span> <span class='ocrx_word' id='word_1_45' title='bbox 850 2075 1043 2141; x_wconf 90' lang='lat' dir='ltr'><strong>nobis</strong></span> <span class='ocrx_word' id='word_1_46' title='bbox 1073 2073 1221 2141; x_wconf 91' lang='lat' dir='ltr'><strong>Oka</strong></span> <span class='ocrx_word' id='word_1_47' title='bbox 1252 2074 1388 2142; x_wconf 88' lang='lat' dir='ltr'><strong>filio</strong></span> <span class='ocrx_word' id='word_1_48' title='bbox 1423 2074 1612 2141; x_wconf 89' lang='lat' dir='ltr'><strong>Baad</strong></span> <span class='ocrx_word' id='word_1_49' title='bbox 1648 2072 1731 2136; x_wconf 90' lang='lat' dir='ltr'><strong>de</strong></span> <span class='ocrx_word' id='word_1_50' title='bbox 1765 2074 1888 2138; x_wconf 88' lang='lat' dir='ltr'><strong>Zor</strong></span> <span class='ocrx_word' id='word_1_51' title='bbox 1922 2093 2042 2158; x_wconf 90' lang='lat' dir='ltr'><strong>pro</strong></span> <span class='ocrx_word' id='word_1_52' title='bbox 2076 2092 2151 2139; x_wconf 89' lang='lat' dir='ltr'><strong>se</strong></span> <span class='ocrx_word' id='word_1_53' title='bbox 2188 2080 2253 2137; x_wconf 83' lang='lat' dir='ltr'><strong>et</strong></span> <span class='ocrx_word' id='word_1_54' title='bbox 2285 2092 2401 2157; x_wconf 83' lang='lat' dir='ltr'><strong>pro</strong></span> <span class='ocrx_word' id='word_1_55' title='bbox 2435 2072 2562 2137; x_wconf 84' lang='lat' dir='ltr'><strong>fra-</strong></span> 
     </span>
     <span class='ocr_line' id='line_1_11' title="bbox 315 2182 2564 2271; baseline -0.002 -21"><span class='ocrx_word' id='word_1_56' title='bbox 315 2191 420 2250; x_wconf 85' lang='lat' dir='ltr'><strong>tre</strong></span> <span class='ocrx_word' id='word_1_57' title='bbox 451 2203 570 2250; x_wconf 88' lang='lat' dir='ltr'><strong>suo</strong></span> <span class='ocrx_word' id='word_1_58' title='bbox 602 2184 891 2271; x_wconf 84' lang='lat' dir='ltr'><strong>Symone</strong></span> <span class='ocrx_word' id='word_1_59' title='bbox 926 2204 1006 2249; x_wconf 83' lang='lat' dir='ltr'><strong>ex</strong></span> <span class='ocrx_word' id='word_1_60' title='bbox 1040 2203 1172 2249; x_wconf 89' lang='lat' dir='ltr'><strong>una</strong></span> <span class='ocrx_word' id='word_1_61' title='bbox 1204 2192 1412 2266; x_wconf 83' lang='lat' dir='ltr'><strong>parte,</strong></span> <span class='ocrx_word' id='word_1_62' title='bbox 1450 2183 1647 2249; x_wconf 86' lang='lat' dir='ltr'><strong>Petro</strong></span> <span class='ocrx_word' id='word_1_63' title='bbox 1680 2182 1816 2250; x_wconf 90' lang='lat' dir='ltr'><strong>filio</strong></span> <span class='ocrx_word' id='word_1_64' title='bbox 1838 2182 2179 2248; x_wconf 64' lang='lat' dir='ltr'><strong>Benedicti</strong></span> <span class='ocrx_word' id='word_1_65' title='bbox 2212 2184 2295 2249; x_wconf 89' lang='lat' dir='ltr'><strong>de</strong></span> <span class='ocrx_word' id='word_1_66' title='bbox 2329 2183 2564 2249; x_wconf 87' lang='lat' dir='ltr'><strong>eadem</strong></span> 
     </span>
     <span class='ocr_line' id='line_1_12' title="bbox 323 2292 2564 2377; baseline -0.001 -19"><span class='ocrx_word' id='word_1_67' title='bbox 323 2294 475 2376; x_wconf 85' lang='lat' dir='ltr'><strong>Zor‚</strong></span> <span class='ocrx_word' id='word_1_68' title='bbox 504 2292 868 2377; x_wconf 75' lang='lat' dir='ltr'><strong>Jobagione</strong></span> <span class='ocrx_word' id='word_1_69' title='bbox 922 2292 1120 2360; x_wconf 89' lang='lat' dir='ltr'><strong>castri</strong></span> <span class='ocrx_word' id='word_1_70' title='bbox 1155 2292 1623 2375; x_wconf 90' lang='lat' dir='ltr'><strong>Posoniensis‚</strong></span> <span class='ocrx_word' id='word_1_71' title='bbox 1679 2311 1823 2359; x_wconf 92' lang='lat' dir='ltr'><strong>cum</strong></span> <span class='ocrx_word' id='word_1_72' title='bbox 1860 2311 2055 2359; x_wconf 86' lang='lat' dir='ltr'><strong>seruo</strong></span> <span class='ocrx_word' id='word_1_73' title='bbox 2107 2310 2225 2357; x_wconf 88' lang='lat' dir='ltr'><strong>suo</strong></span> <span class='ocrx_word' id='word_1_74' title='bbox 2259 2293 2564 2359; x_wconf 79' lang='lat' dir='ltr'><strong>Johanne</strong></span> 
     </span>
     <span class='ocr_line' id='line_1_13' title="bbox 315 2397 2562 2482; baseline -0.001 -17"><span class='ocrx_word' id='word_1_75' title='bbox 315 2398 720 2468; x_wconf 90' lang='lat' dir='ltr'><strong>hereditario</strong></span> <span class='ocrx_word' id='word_1_76' title='bbox 755 2399 841 2465; x_wconf 90' lang='lat' dir='ltr'><strong>ab</strong></span> <span class='ocrx_word' id='word_1_77' title='bbox 876 2401 1128 2481; x_wconf 87' lang='lat' dir='ltr'><strong>altera,</strong></span> <span class='ocrx_word' id='word_1_78' title='bbox 1164 2399 1333 2465; x_wconf 89' lang='lat' dir='ltr'><strong>idem</strong></span> <span class='ocrx_word' id='word_1_79' title='bbox 1369 2397 1519 2468; x_wconf 88' lang='lat' dir='ltr'><strong>Oka</strong></span> <span class='ocrx_word' id='word_1_80' title='bbox 1550 2404 1655 2466; x_wconf 92' lang='lat' dir='ltr'><strong>est</strong></span> <span class='ocrx_word' id='word_1_81' title='bbox 1689 2400 2057 2481; x_wconf 85' lang='lat' dir='ltr'><strong>confessus,</strong></span> <span class='ocrx_word' id='word_1_82' title='bbox 2093 2399 2266 2482; x_wconf 91' lang='lat' dir='ltr'><strong>quod</strong></span> <span class='ocrx_word' id='word_1_83' title='bbox 2302 2418 2443 2464; x_wconf 88' lang='lat' dir='ltr'><strong>cum</strong></span> <span class='ocrx_word' id='word_1_84' title='bbox 2480 2417 2562 2463; x_wconf 84' lang='lat' dir='ltr'><strong>ex</strong></span> 
     </span>
     <span class='ocr_line' id='line_1_14' title="bbox 320 2504 2562 2592; baseline -0.001 -16"><span class='ocrx_word' id='word_1_85' title='bbox 320 2509 639 2576; x_wconf 72' lang='lat' dir='ltr'><strong>suasione</strong></span> <span class='ocrx_word' id='word_1_86' title='bbox 674 2504 1011 2581; x_wconf 87' lang='lat' dir='ltr'><strong>diabolica</strong></span> <span class='ocrx_word' id='word_1_87' title='bbox 1043 2505 1387 2576; x_wconf 85' lang='lat' dir='ltr'><strong>Johannes</strong></span> <span class='ocrx_word' id='word_1_88' title='bbox 1421 2525 1653 2575; x_wconf 88' lang='lat' dir='ltr'><strong>seruus</strong></span> <span class='ocrx_word' id='word_1_89' title='bbox 1684 2508 2125 2576; x_wconf 87' lang='lat' dir='ltr'><strong>hereditarius</strong></span> <span class='ocrx_word' id='word_1_90' title='bbox 2158 2508 2335 2575; x_wconf 90' lang='lat' dir='ltr'><strong>Petri</strong></span> <span class='ocrx_word' id='word_1_91' title='bbox 2369 2526 2562 2592; x_wconf 90' lang='lat' dir='ltr'><strong>supe-</strong></span> 
     </span>
     <span class='ocr_line' id='line_1_15' title="bbox 319 2616 2565 2703; baseline -0.001 -19"><span class='ocrx_word' id='word_1_92' title='bbox 319 2620 458 2686; x_wconf 87' lang='lat' dir='ltr'><strong>rius</strong></span> <span class='ocrx_word' id='word_1_93' title='bbox 490 2618 849 2698; x_wconf 87' lang='lat' dir='ltr'><strong>memorati,</strong></span> <span class='ocrx_word' id='word_1_94' title='bbox 906 2619 1239 2684; x_wconf 88' lang='lat' dir='ltr'><strong>Andream</strong></span> <span class='ocrx_word' id='word_1_95' title='bbox 1282 2618 1547 2687; x_wconf 82' lang='lat' dir='ltr'><strong>fratrem</strong></span> <span class='ocrx_word' id='word_1_96' title='bbox 1586 2616 1736 2686; x_wconf 86' lang='lat' dir='ltr'><strong>Oka</strong></span> <span class='ocrx_word' id='word_1_97' title='bbox 1787 2618 2150 2703; x_wconf 76' lang='lat' dir='ltr'><strong>supradicti</strong></span> <span class='ocrx_word' id='word_1_98' title='bbox 2204 2617 2565 2685; x_wconf 79' lang='lat' dir='ltr'><strong>casualiter</strong></span> 
     </span>
     <span class='ocr_line' id='line_1_16' title="bbox 328 2725 2567 2813; baseline -0.002 -19"><span class='ocrx_word' id='word_1_99' title='bbox 328 2725 718 2809; x_wconf 90' lang='lat' dir='ltr'><strong>occidisset,</strong></span> <span class='ocrx_word' id='word_1_100' title='bbox 769 2727 1037 2792; x_wconf 87' lang='lat' dir='ltr'><strong>tandem</strong></span> <span class='ocrx_word' id='word_1_101' title='bbox 1073 2734 1204 2792; x_wconf 88' lang='lat' dir='ltr'><strong>tam</strong></span> <span class='ocrx_word' id='word_1_102' title='bbox 1243 2733 1506 2813; x_wconf 85' lang='lat' dir='ltr'><strong>propter</strong></span> <span class='ocrx_word' id='word_1_103' title='bbox 1539 2726 1772 2807; x_wconf 85' lang='lat' dir='ltr'><strong>Deum,</strong></span> <span class='ocrx_word' id='word_1_104' title='bbox 1822 2748 2016 2810; x_wconf 88' lang='lat' dir='ltr'><strong>quam</strong></span> <span class='ocrx_word' id='word_1_105' title='bbox 2050 2728 2261 2794; x_wconf 87' lang='lat' dir='ltr'><strong>eciam</strong></span> <span class='ocrx_word' id='word_1_106' title='bbox 2295 2732 2567 2811; x_wconf 88' lang='lat' dir='ltr'><strong>propter</strong></span> 
     </span>
     <span class='ocr_line' id='line_1_17' title="bbox 319 2834 2563 2922; baseline -0.001 -21"><span class='ocrx_word' id='word_1_107' title='bbox 319 2836 567 2901; x_wconf 88' lang='lat' dir='ltr'><strong>lineam</strong></span> <span class='ocrx_word' id='word_1_108' title='bbox 601 2834 1219 2921; x_wconf 81' lang='lat' dir='ltr'><strong>consanguinitatis,</strong></span> <span class='ocrx_word' id='word_1_109' title='bbox 1257 2834 1697 2902; x_wconf 82' lang='lat' dir='ltr'><strong>mediantibus</strong></span> <span class='ocrx_word' id='word_1_110' title='bbox 1731 2835 1958 2920; x_wconf 86' lang='lat' dir='ltr'><strong>probis</strong></span> <span class='ocrx_word' id='word_1_111' title='bbox 1990 2835 2149 2901; x_wconf 89' lang='lat' dir='ltr'><strong>viris</strong></span> <span class='ocrx_word' id='word_1_112' title='bbox 2180 2835 2350 2899; x_wconf 89' lang='lat' dir='ltr'><strong>inter</strong></span> <span class='ocrx_word' id='word_1_113' title='bbox 2380 2836 2563 2922; x_wconf 87' lang='lat' dir='ltr'><strong>ipsos</strong></span> 
     </span>
     <span class='ocr_line' id='line_1_18' title="bbox 323 2939 2556 3030; baseline -0.002 -19"><span class='ocrx_word' id='word_1_114' title='bbox 323 2943 624 3011; x_wconf 88' lang='lat' dir='ltr'><strong>habitam</strong></span> <span class='ocrx_word' id='word_1_115' title='bbox 659 2939 829 3030; x_wconf 81' lang='lat' dir='ltr'><strong>(igy)</strong></span> <span class='ocrx_word' id='word_1_116' title='bbox 864 2944 931 3008; x_wconf 94' lang='lat' dir='ltr'><strong>in</strong></span> <span class='ocrx_word' id='word_1_117' title='bbox 964 2943 1336 3026; x_wconf 90' lang='lat' dir='ltr'><strong>quindecim</strong></span> <span class='ocrx_word' id='word_1_118' title='bbox 1371 2945 1597 3029; x_wconf 90' lang='lat' dir='ltr'><strong>pensis</strong></span> <span class='ocrx_word' id='word_1_119' title='bbox 1632 2942 2046 3009; x_wconf 85' lang='lat' dir='ltr'><strong>denariorum</strong></span> <span class='ocrx_word' id='word_1_120' title='bbox 2090 2942 2556 3023; x_wconf 87' lang='lat' dir='ltr'><strong>Wienensium‚</strong></span> 
     </span>
     <span class='ocr_line' id='line_1_19' title="bbox 324 3050 2563 3138; baseline 0 -21"><span class='ocrx_word' id='word_1_121' title='bbox 324 3058 554 3138; x_wconf 85' lang='lat' dir='ltr'><strong>partes</strong></span> <span class='ocrx_word' id='word_1_122' title='bbox 588 3050 671 3120; x_wconf 89' lang='lat' dir='ltr'><strong>de</strong></span> <span class='ocrx_word' id='word_1_123' title='bbox 693 3050 867 3116; x_wconf 89' lang='lat' dir='ltr'><strong>bona</strong></span> <span class='ocrx_word' id='word_1_124' title='bbox 887 3051 1225 3116; x_wconf 84' lang='lat' dir='ltr'><strong>voluntate</strong></span> <span class='ocrx_word' id='word_1_125' title='bbox 1248 3052 1779 3134; x_wconf 82' lang='lat' dir='ltr'><strong>concordassent,</strong></span> <span class='ocrx_word' id='word_1_126' title='bbox 1805 3071 1997 3133; x_wconf 85' lang='lat' dir='ltr'><strong>quam</strong></span> <span class='ocrx_word' id='word_1_127' title='bbox 2032 3070 2350 3117; x_wconf 88' lang='lat' dir='ltr'><strong>summam</strong></span> <span class='ocrx_word' id='word_1_128' title='bbox 2373 3070 2563 3133; x_wconf 86' lang='lat' dir='ltr'><strong>pecu-</strong></span> 
     </span>
     <span class='ocr_line' id='line_1_20' title="bbox 326 3157 2560 3246; baseline 0 -21"><span class='ocrx_word' id='word_1_129' title='bbox 326 3162 439 3225; x_wconf 88' lang='lat' dir='ltr'><strong>nie</strong></span> <span class='ocrx_word' id='word_1_130' title='bbox 470 3159 769 3245; x_wconf 87' lang='lat' dir='ltr'><strong>prefatus</strong></span> <span class='ocrx_word' id='word_1_131' title='bbox 804 3157 973 3246; x_wconf 86' lang='lat' dir='ltr'><strong>Oka,</strong></span> <span class='ocrx_word' id='word_1_132' title='bbox 1008 3160 1091 3225; x_wconf 89' lang='lat' dir='ltr'><strong>ab</strong></span> <span class='ocrx_word' id='word_1_133' title='bbox 1127 3159 1376 3226; x_wconf 88' lang='lat' dir='ltr'><strong>eisdem</strong></span> <span class='ocrx_word' id='word_1_134' title='bbox 1410 3160 1600 3227; x_wconf 84' lang='lat' dir='ltr'><strong>Petro</strong></span> <span class='ocrx_word' id='word_1_135' title='bbox 1634 3167 1696 3226; x_wconf 92' lang='lat' dir='ltr'><strong>et</strong></span> <span class='ocrx_word' id='word_1_136' title='bbox 1731 3179 1926 3226; x_wconf 87' lang='lat' dir='ltr'><strong>seruo</strong></span> <span class='ocrx_word' id='word_1_137' title='bbox 1961 3180 2082 3228; x_wconf 92' lang='lat' dir='ltr'><strong>suo</strong></span> <span class='ocrx_word' id='word_1_138' title='bbox 2116 3159 2424 3228; x_wconf 90' lang='lat' dir='ltr'><strong>Johanne</strong></span> <span class='ocrx_word' id='word_1_139' title='bbox 2457 3179 2560 3226; x_wconf 90' lang='lat' dir='ltr'><strong>su·</strong></span> 
     </span>
     <span class='ocr_line' id='line_1_21' title="bbox 323 3266 2560 3352; baseline 0.001 -20"><span class='ocrx_word' id='word_1_140' title='bbox 323 3266 824 3352; x_wconf 79' lang='lat' dir='ltr'><strong>pranominatO,</strong></span> <span class='ocrx_word' id='word_1_141' title='bbox 861 3288 934 3335; x_wconf 91' lang='lat' dir='ltr'><strong>se</strong></span> <span class='ocrx_word' id='word_1_142' title='bbox 976 3267 1272 3352; x_wconf 89' lang='lat' dir='ltr'><strong>plenarie</strong></span> <span class='ocrx_word' id='word_1_143' title='bbox 1306 3269 1641 3352; x_wconf 89' lang='lat' dir='ltr'><strong>recepisse</strong></span> <span class='ocrx_word' id='word_1_144' title='bbox 1674 3289 1898 3336; x_wconf 85' lang='lat' dir='ltr'><strong>coram</strong></span> <span class='ocrx_word' id='word_1_145' title='bbox 1940 3268 2133 3338; x_wconf 91' lang='lat' dir='ltr'><strong>nobis</strong></span> <span class='ocrx_word' id='word_1_146' title='bbox 2166 3277 2271 3335; x_wconf 89' lang='lat' dir='ltr'><strong>est</strong></span> <span class='ocrx_word' id='word_1_147' title='bbox 2303 3267 2560 3335; x_wconf 88' lang='lat' dir='ltr'><strong>confes-</strong></span> 
     </span>
     <span class='ocr_line' id='line_1_22' title="bbox 321 3375 2561 3465; baseline 0.001 -24"><span class='ocrx_word' id='word_1_148' title='bbox 321 3396 460 3452; x_wconf 87' lang='lat' dir='ltr'><strong>sus.</strong></span> <span class='ocrx_word' id='word_1_149' title='bbox 498 3375 835 3465; x_wconf 84' lang='lat' dir='ltr'><strong>Obligauit</strong></span> <span class='ocrx_word' id='word_1_150' title='bbox 868 3377 1081 3444; x_wconf 88' lang='lat' dir='ltr'><strong>eciam</strong></span> <span class='ocrx_word' id='word_1_151' title='bbox 1115 3396 1188 3441; x_wconf 90' lang='lat' dir='ltr'><strong>se</strong></span> <span class='ocrx_word' id='word_1_152' title='bbox 1224 3377 1390 3444; x_wconf 88' lang='lat' dir='ltr'><strong>idem</strong></span> <span class='ocrx_word' id='word_1_153' title='bbox 1413 3376 1565 3445; x_wconf 86' lang='lat' dir='ltr'><strong>Oka</strong></span> <span class='ocrx_word' id='word_1_154' title='bbox 1598 3383 2191 3464; x_wconf 75' lang='lat' dir='ltr'><strong>supranominatus,</strong></span> <span class='ocrx_word' id='word_1_155' title='bbox 2225 3379 2403 3461; x_wconf 88' lang='lat' dir='ltr'><strong>puod</strong></span> <span class='ocrx_word' id='word_1_156' title='bbox 2427 3380 2561 3461; x_wconf 90' lang='lat' dir='ltr'><strong>qui-</strong></span> 
     </span>
     <span class='ocr_line' id='line_1_23' title="bbox 322 3486 2556 3572; baseline -0.001 -18"><span class='ocrx_word' id='word_1_157' title='bbox 322 3504 579 3568; x_wconf 89' lang='lat' dir='ltr'><strong>cunque</strong></span> <span class='ocrx_word' id='word_1_158' title='bbox 610 3505 920 3572; x_wconf 88' lang='lat' dir='ltr'><strong>processu</strong></span> <span class='ocrx_word' id='word_1_159' title='bbox 973 3492 1339 3569; x_wconf 88' lang='lat' dir='ltr'><strong>temporum</strong></span> <span class='ocrx_word' id='word_1_160' title='bbox 1374 3505 1568 3570; x_wconf 89' lang='lat' dir='ltr'><strong>super</strong></span> <span class='ocrx_word' id='word_1_161' title='bbox 1616 3497 1830 3554; x_wconf 83' lang='lat' dir='ltr'><strong>morte</strong></span> <span class='ocrx_word' id='word_1_162' title='bbox 1865 3486 2087 3555; x_wconf 86' lang='lat' dir='ltr'><strong>fratris</strong></span> <span class='ocrx_word' id='word_1_163' title='bbox 2137 3490 2238 3553; x_wconf 89' lang='lat' dir='ltr'><strong>sui</strong></span> <span class='ocrx_word' id='word_1_164' title='bbox 2272 3487 2556 3567; x_wconf 87' lang='lat' dir='ltr'><strong>Andree‚</strong></span> 
     </span>
     <span class='ocr_line' id='line_1_24' title="bbox 327 3594 2558 3678; baseline 0 -19"><span class='ocrx_word' id='word_1_165' title='bbox 327 3595 594 3662; x_wconf 88' lang='lat' dir='ltr'><strong>eosdem</strong></span> <span class='ocrx_word' id='word_1_166' title='bbox 626 3596 885 3661; x_wconf 88' lang='lat' dir='ltr'><strong>Petrum</strong></span> <span class='ocrx_word' id='word_1_167' title='bbox 918 3602 985 3659; x_wconf 89' lang='lat' dir='ltr'><strong>et</strong></span> <span class='ocrx_word' id='word_1_168' title='bbox 1015 3614 1272 3660; x_wconf 89' lang='lat' dir='ltr'><strong>seruum</strong></span> <span class='ocrx_word' id='word_1_169' title='bbox 1315 3613 1499 3661; x_wconf 89' lang='lat' dir='ltr'><strong>suum</strong></span> <span class='ocrx_word' id='word_1_170' title='bbox 1534 3594 1905 3663; x_wconf 70' lang='lat' dir='ltr'><strong>¹Iohannem</strong></span> <span class='ocrx_word' id='word_1_171' title='bbox 1942 3596 2234 3678; x_wconf 86' lang='lat' dir='ltr'><strong>inpetere</strong></span> <span class='ocrx_word' id='word_1_172' title='bbox 2283 3596 2558 3661; x_wconf 88' lang='lat' dir='ltr'><strong>forsitan</strong></span> 
     </span>
     <span class='ocr_line' id='line_1_25' title="bbox 326 3701 2561 3791; baseline 0 -24"><span class='ocrx_word' id='word_1_173' title='bbox 326 3708 769 3787; x_wconf 83' lang='lat' dir='ltr'><strong>attemptaret,</strong></span> <span class='ocrx_word' id='word_1_174' title='bbox 804 3701 948 3787; x_wconf 87' lang='lat' dir='ltr'><strong>ipse</strong></span> <span class='ocrx_word' id='word_1_175' title='bbox 983 3703 1137 3772; x_wconf 88' lang='lat' dir='ltr'><strong>Oka</strong></span> <span class='ocrx_word' id='word_1_176' title='bbox 1168 3711 1233 3767; x_wconf 87' lang='lat' dir='ltr'><strong>et</strong></span> <span class='ocrx_word' id='word_1_177' title='bbox 1263 3703 1468 3769; x_wconf 81' lang='lat' dir='ltr'><strong>frater</strong></span> <span class='ocrx_word' id='word_1_178' title='bbox 1502 3724 1657 3772; x_wconf 89' lang='lat' dir='ltr'><strong>suus</strong></span> <span class='ocrx_word' id='word_1_179' title='bbox 1691 3707 1940 3791; x_wconf 86' lang='lat' dir='ltr'><strong>Symon</strong></span> <span class='ocrx_word' id='word_1_180' title='bbox 1996 3705 2388 3770; x_wconf 88' lang='lat' dir='ltr'><strong>tenebuntur</strong></span> <span class='ocrx_word' id='word_1_181' title='bbox 2421 3723 2561 3769; x_wconf 85' lang='lat' dir='ltr'><strong>eos-</strong></span> 
     </span>
     <span class='ocr_line' id='line_1_26' title="bbox 317 3811 2562 3899; baseline 0 -23"><span class='ocrx_word' id='word_1_182' title='bbox 317 3811 469 3878; x_wconf 89' lang='lat' dir='ltr'><strong>dem</strong></span> <span class='ocrx_word' id='word_1_183' title='bbox 521 3812 785 3876; x_wconf 89' lang='lat' dir='ltr'><strong>Petrum</strong></span> <span class='ocrx_word' id='word_1_184' title='bbox 836 3817 904 3876; x_wconf 91' lang='lat' dir='ltr'><strong>et</strong></span> <span class='ocrx_word' id='word_1_185' title='bbox 935 3811 1308 3877; x_wconf 82' lang='lat' dir='ltr'><strong>Johannem</strong></span> <span class='ocrx_word' id='word_1_186' title='bbox 1359 3830 1617 3877; x_wconf 84' lang='lat' dir='ltr'><strong>seruum</strong></span> <span class='ocrx_word' id='word_1_187' title='bbox 1672 3831 1856 3878; x_wconf 88' lang='lat' dir='ltr'><strong>suum</strong></span> <span class='ocrx_word' id='word_1_188' title='bbox 1908 3813 2225 3899; x_wconf 87' lang='lat' dir='ltr'><strong>expedire</strong></span> <span class='ocrx_word' id='word_1_189' title='bbox 2275 3812 2562 3897; x_wconf 81' lang='lat' dir='ltr'><strong>proprijs</strong></span> 
     </span>
     <span class='ocr_line' id='line_1_27' title="bbox 318 3918 2564 4007; baseline -0 -21"><span class='ocrx_word' id='word_1_190' title='bbox 318 3920 655 3987; x_wconf 85' lang='lat' dir='ltr'><strong>laboribus</strong></span> <span class='ocrx_word' id='word_1_191' title='bbox 690 3925 759 3985; x_wconf 88' lang='lat' dir='ltr'><strong>et</strong></span> <span class='ocrx_word' id='word_1_192' title='bbox 792 3920 1116 4004; x_wconf 84' lang='lat' dir='ltr'><strong>expensis.</strong></span> <span class='ocrx_word' id='word_1_193' title='bbox 1172 3920 1242 3983; x_wconf 90' lang='lat' dir='ltr'><strong>In</strong></span> <span class='ocrx_word' id='word_1_194' title='bbox 1282 3920 1464 3986; x_wconf 86' lang='lat' dir='ltr'><strong>cuius</strong></span> <span class='ocrx_word' id='word_1_195' title='bbox 1495 3923 1592 3985; x_wconf 91' lang='lat' dir='ltr'><strong>rei</strong></span> <span class='ocrx_word' id='word_1_196' title='bbox 1637 3921 2016 3990; x_wconf 89' lang='lat' dir='ltr'><strong>memoriam</strong></span> <span class='ocrx_word' id='word_1_197' title='bbox 2069 3925 2419 4007; x_wconf 83' lang='lat' dir='ltr'><strong>presentes</strong></span> <span class='ocrx_word' id='word_1_198' title='bbox 2455 3918 2564 3985; x_wconf 86' lang='lat' dir='ltr'><strong>de-</strong></span> 
     </span>
     <span class='ocr_line' id='line_1_28' title="bbox 322 4027 2560 4110; baseline -0.001 -14"><span class='ocrx_word' id='word_1_199' title='bbox 322 4030 539 4096; x_wconf 89' lang='lat' dir='ltr'><strong>dimus</strong></span> <span class='ocrx_word' id='word_1_200' title='bbox 574 4030 833 4095; x_wconf 89' lang='lat' dir='ltr'><strong>litteras</strong></span> <span class='ocrx_word' id='word_1_201' title='bbox 857 4027 1060 4110; x_wconf 83' lang='lat' dir='ltr'><strong>sigilli</strong></span> <span class='ocrx_word' id='word_1_202' title='bbox 1094 4030 1299 4095; x_wconf 82' lang='lat' dir='ltr'><strong>nostri</strong></span> <span class='ocrx_word' id='word_1_203' title='bbox 1324 4027 1674 4094; x_wconf 89' lang='lat' dir='ltr'><strong>munimine</strong></span> <span class='ocrx_word' id='word_1_204' title='bbox 1701 4030 2068 4095; x_wconf 84' lang='lat' dir='ltr'><strong>roboratas.</strong></span> <span class='ocrx_word' id='word_1_205' title='bbox 2104 4031 2346 4096; x_wconf 89' lang='lat' dir='ltr'><strong>Datum</strong></span> <span class='ocrx_word' id='word_1_206' title='bbox 2383 4048 2560 4094; x_wconf 88' lang='lat' dir='ltr'><strong>anno</strong></span> 
     </span>
     <span class='ocr_line' id='line_1_29' title="bbox 320 4135 1614 4223; baseline -0.001 -20"><span class='ocrx_word' id='word_1_207' title='bbox 320 4135 587 4203; x_wconf 90' lang='lat' dir='ltr'><strong>Domini</strong></span> <span class='ocrx_word' id='word_1_208' title='bbox 621 4137 703 4201; x_wconf 88' lang='grc' dir='ltr'><strong>Μ.</strong></span> <span class='ocrx_word' id='word_1_209' title='bbox 739 4135 862 4206; x_wconf 83' lang='lat' dir='ltr'><strong>OC.</strong></span> <span class='ocrx_word' id='word_1_210' title='bbox 898 4137 1326 4223; x_wconf 85' lang='lat' dir='ltr'><strong>nonagesimo</strong></span> <span class='ocrx_word' id='word_1_211' title='bbox 1362 4142 1614 4219; x_wconf 86' lang='lat' dir='ltr'><strong>quarto.</strong></span> 
     </span>
    </p>
   </div>
   <div class='ocr_carea' id='block_1_7' title="bbox 320 4328 2561 4498">
    <p class='ocr_par' dir='ltr' id='par_1_7' title="bbox 320 4328 2561 4498">
     <span class='ocr_line' id='line_1_30' title="bbox 320 4328 2561 4406; baseline -0.002 -17"><span class='ocrx_word' id='word_1_212' title='bbox 320 4331 593 4404; x_wconf 68' lang='lat' dir='ltr'><strong>(Hartya.</strong></span> <span class='ocrx_word' id='word_1_213' title='bbox 635 4329 982 4403; x_wconf 67' lang='lat' dir='ltr'><strong>Vorosfejer</strong></span> <span class='ocrx_word' id='word_1_214' title='bbox 1006 4332 1282 4406; x_wconf 86' lang='lat' dir='ltr'><strong>zsinegen</strong></span> <span class='ocrx_word' id='word_1_215' title='bbox 1320 4330 1464 4405; x_wconf 77' lang='lat' dir='ltr'><strong>fiigg</strong></span> <span class='ocrx_word' id='word_1_216' title='bbox 1504 4349 1540 4388; x_wconf 88' lang='lat' dir='ltr'><strong>a</strong></span> <span class='ocrx_word' id='word_1_217' title='bbox 1579 4330 1708 4406; x_wconf 72' lang='lat' dir='ltr'><strong>meg</strong></span> <span class='ocrx_word' id='word_1_218' title='bbox 1736 4331 1807 4402; x_wconf 70' lang='lat' dir='ltr'><strong>ep</strong></span> <span class='ocrx_word' id='word_1_219' title='bbox 1832 4330 2052 4404; x_wconf 86' lang='lat' dir='ltr'><strong>pecse&#39;t.</strong></span> <span class='ocrx_word' id='word_1_220' title='bbox 2091 4328 2561 4403; x_wconf 68' lang='lat' dir='ltr'><strong>Pozsonykapta-</strong></span> 
     </span>
     <span class='ocr_line' id='line_1_31' title="bbox 482 4420 2415 4498; baseline -0.003 -19"><span class='ocrx_word' id='word_1_221' title='bbox 482 4424 602 4479; x_wconf 83' lang='lat' dir='ltr'><strong>lani</strong></span> <span class='ocrx_word' id='word_1_222' title='bbox 629 4421 906 4498; x_wconf 69' lang='lat' dir='ltr'><strong>orszagos</strong></span> <span class='ocrx_word' id='word_1_223' title='bbox 938 4420 1203 4480; x_wconf 67' lang='lat' dir='ltr'><strong>leveltar.</strong></span> <span class='ocrx_word' id='word_1_224' title='bbox 1233 4420 1426 4495; x_wconf 86' lang='lat' dir='ltr'><strong>Capsa</strong></span> <span class='ocrx_word' id='word_1_225' title='bbox 1452 4421 1605 4479; x_wconf 89' lang='lat' dir='ltr'>XIV.</span> <span class='ocrx_word' id='word_1_226' title='bbox 1630 4422 1799 4478; x_wconf 86' lang='lat' dir='ltr'><strong>Fasc.</strong></span> <span class='ocrx_word' id='word_1_227' title='bbox 1827 4422 1912 4478; x_wconf 83' lang='lat'><strong>19.</strong></span> <span class='ocrx_word' id='word_1_228' title='bbox 1937 4421 2073 4478; x_wconf 89' lang='lat' dir='ltr'><strong>Nro.</strong></span> <span class='ocrx_word' id='word_1_229' title='bbox 2103 4421 2147 4477; x_wconf 90' lang='lat'><strong>1.</strong></span> <span class='ocrx_word' id='word_1_230' title='bbox 2186 4420 2415 4490; x_wconf 72' lang='lat' dir='ltr'><strong>Knawz.)</strong></span> 
     </span>
    </p>
   </div>
   <div class='ocr_carea' id='block_1_8' title="bbox 1170 4719 1680 4730">
    <p class='ocr_par' dir='ltr' id='par_1_8' title="bbox 1170 4719 1680 4730">
     <span class='ocr_line' id='line_1_32' title="bbox 1170 4719 1680 4730; baseline 0.002 -2"><span class='ocrx_word' id='word_1_231' title='bbox 1170 4719 1680 4730; x_wconf 47' lang='grc' dir='ltr'><strong>η-νφ-ᾑ--ιυ--ιο</strong></span> 
     </span>
    </p>
   </div>
  </div>
 </body>
</html>
