3416 5313
1446 440 1529 509 13

1460 1072 1526 1137 8.

370 1269 417 1332 I
426 1268 490 1334 V.
504 1265 738 1335 Miklds
745 1271 924 1355 pcipa
934 1267 1121 1333 leudo
1129 1266 1629 1354 lfromai-ne‘met
1639 1268 2001 1356 kirdlynak‚
2014 1269 2084 1333 kz·
2093 1266 2242 1332 nelei
2260 1278 2359 1332 azt
2376 1276 2614 1355 mente,

370 1375 530 1463 hoqy
563 1377 1121 1463 Mayyarorsquot
1135 1377 1389 1462 fidnak,
1427 1375 1643 1443 Albert
1672 1377 1987 1442 aueztriai
2031 1376 2400 1462 herczcynek
2430 1375 2615 1441 habd-

366 1485 472 1549 ruz
501 1486 975 1572 adomcinyozta,
1006 1485 1373 1573 υάῑαεεοζία,
1395 1486 1552 1575 hoyy
1584 1487 1792 1552 Jcinos
1808 1487 1992 1573 jeai—i
2052 1482 2357 1569 (animi)
2381 1493 2611 1572 pinpo·-

488 1593 595 1659 loct
626 1614 768 1657 ezcn
802 1602 928 1681 uyy
961 1594 1277 1660 clinte'zc'se
1307 1597 1502 1680 νέφεα
1531 1595 1723 1659 hozzd
1740 1591 1937 1681 fogia
1970 1593 2254 1660 huldeni.
2288 1594 2485 1661 1290.

585 1792 901 1860 Nicolaus
932 1793 1305 1879 Episcopus
1337 1812 1564 1860 seruus
1616 1812 1952 1860 seruorum
2007 1791 2132 1857 Dei
2172 1790 2514 1859 carissimo
2549 1790 2613 1855 in

373 1900 634 1971 Christo
667 1900 803 1966 filio
838 1901 912 1964 R.
950 1901 1118 1985 Regi
1149 1903 1588 1969 Romanorum
1640 1899 1896 1968 Illustri
1928 1902 2209 1968 salutem
2244 1907 2308 1966 et
2336 1900 2616 1986 Aposto-

371 2011 568 2076 licam
600 2010 1141 2077 benedictionem.
1175 2013 1466 2080 Litteras
1500 2012 1748 2098 Regias
1781 2018 2000 2079 nostro
2034 2030 2236 2093 nuper
2266 2008 2613 2096 Apostola-

367 2119 465 2185 tui
496 2126 916 2205 presentatas
966 2121 1380 2204 benignitate
1412 2122 1779 2206 recepimus
1818 2126 2136 2189 consueta
2169 2144 2187 2187 z
2220 2136 2487 2201 quarum
2522 2140 2616 2186 se·

370 2229 465 2294 rie
497 2227 843 2312 diligenter
882 2228 1352 2313 perpendimus
1375 2281 1393 2314 ‚
1444 2228 1620 2314 quod
1651 2234 1801 2313 post
1835 2228 2084 2295 obitum
2132 2226 2457 2311 quondam
2491 2226 2616 2294 La-

374 2335 570 2401 dislai
600 2336 799 2420 Regis
833 2334 1142 2422 Ungarie,
1177 2344 1245 2402 tu
1280 2345 1455 2405 certa
1478 2337 2006 2405 consideratione
2039 2336 2344 2404 inductus
2365 2386 2383 2421 ‚
2416 2356 2611 2421 quam

375 2446 600 2510 eedem
635 2443 852 2509 littere
904 2444 1405 2528 exprimebant,
1460 2446 1698 2513 dilecto
1733 2444 1865 2510 filio
1915 2444 2124 2511 nobili
2176 2446 2316 2513 viro
2349 2447 2616 2514 Alberto

378 2550 545 2617 Duci
577 2552 860 2636 Austrie,
914 2560 1069 2619 nato
1107 2562 1217 2620 tuo
1243 2604 1259 2637 ‚
1316 2561 1381 2625 at
1415 2557 1553 2623 eius
1586 2554 1944 2622 heredibus
1977 2553 2057 2620 de
2112 2555 2384 2620 consilio
2417 2563 2481 2622 et
2513 2575 2613 2623 as-

363 2681 574 2755 sensu
607 2663 999 2750 Principum,
1032 2666 1357 2731 Baronum
1380 2716 1397 2745 ,
1433 2666 1754 2731 nobilium
1787 2672 1853 2729 et
1883 2683 2224 2752 procerum
2258 2666 2470 2750 Regni
2503 2665 2617 2743 tui,

376 2768 444 2835 in
496 2769 755 2837 feudum
803 2772 1100 2854 Regnum
1159 2772 1452 2858 Ungaric
1508 2772 1915 2841 concessisti.
1967 2771 2127 2839 Cum
2160 2781 2371 2840 autem
2406 2773 2618 2857 prefa-

380 2885 512 2945 tum
564 2881 855 2965 Regnum
908 2879 995 2945 ad
1048 2882 1410 2948 Romanam
1463 2883 1832 2948 Ecclesiam
1890 2902 1973 2947 ex
2015 2902 2219 2948 causa
2269 2881 2620 2967 multiplici

378 2988 700 3071 pertinere
729 2996 1054 3072 noscatur,
1080 2990 1473 3057 Celsitudini
1495 2992 1702 3075 Regie
1735 3009 1852 3076 per
1883 2992 2330 3058 venerabilem
2350 2990 2617 3058 fratrem

380 3104 670 3164 nostrum
702 3098 1063 3164 Johannem
1116 3099 1387 3164 Esinum
1419 3099 1820 3185 Episcopum
1876 3118 2074 3182 super
2105 3098 2479 3166 huiusmodi
2509 3119 2618 3165 ne-

384 3208 563 3291 gotio
597 3205 1085 3292 respondemus.
1119 3208 1360 3274 Datum
1395 3207 1570 3293 apud
1591 3205 2165 3274 Urbem-Veterem
2188 3210 2263 3276 V.
2285 3209 2616 3277 kalendas

380 3314 700 3403 Januarii,
734 3313 1162 3385 Pontificatus
1195 3318 1401 3385 nostri
1434 3337 1606 3384 anno
1650 3315 1867 3384 tertio.

383 3508 505 3581 (IV.
548 3510 758 3567 Miklos
796 3509 954 3583 papa
979 3510 1355 3585 Regestaibol
1382 3513 1634 3570 Theiner
1658 3515 1736 3570 id.
1763 3533 1835 3569 m.
1861 3512 1904 3567 Ι.
1932 3513 2051 3567 kot.
2078 3510 2198 3568 370.
2226 3512 2263 3567 l.
2319 3510 2489 3583 Fejer
2535 3512 2615 3566 hi-

381 3601 566 3658 bason
586 3602 934 3659 valtoztatta
959 3622 1086 3674 meg
1114 3622 1256 3660 ezen
1277 3606 1531 3678 okmany
1551 3604 1736 3661 keltet
1762 3602 1902 3661 Cod.
1922 3603 2079 3675 Dipl.
2099 3601 2195 3658 V1.
2219 3605 2273 3658 k.
2295 3604 2338 3658 I.
2366 3623 2408 3658 r.
2430 3603 2521 3658 84.
2550 3601 2613 3673 l.)
