3416 5313
1661 524 1687 529 ⁴-
1743 422 1878 493 218

688 619 1142 707 possessionis
1191 621 1561 706 Bagartelk
1592 630 1830 695 vocate
1861 624 2157 712 legitime
2205 622 2371 693 inibi
2417 621 2827 709 conuocatis,
2863 626 2957 693 ad

689 732 928 800 faciem
960 730 1257 798 eiusdem
1306 732 1693 804 accedendo
1745 737 2118 806 reambulet
2149 753 2267 823 per
2301 751 2500 803 veras
2553 752 2705 802 suas
2736 742 2956 803 metas

693 846 762 907 et
790 839 1113 923 antiquas,
1135 856 1349 909 novas
1380 838 1561 913 iuxta
1578 851 1845 914 veteres
1876 846 1950 914 in
1980 842 2149 912 locis
2170 841 2583 930 necessarijs
2616 840 2957 928 erigendo,

691 946 1258 1033 reambulataque,
1293 952 1358 1015 et
1377 950 1465 1017 ab
1482 949 1765 1020 aliorum
1783 948 2335 1038 possessionariis
2361 947 2624 1037 juribus
2658 947 2959 1035 legitime

694 1063 1078 1143 separatam
1111 1061 1179 1125 et
1209 1054 1612 1146 distinctam,
1646 1065 1903 1128 statuat
1952 1060 2232 1130 eandem
2264 1057 2485 1126 eidem
2526 1059 2782 1126 Lazaro
2812 1057 2958 1125 Ab-

695 1161 839 1232 bati
870 1170 937 1232 et
965 1183 1086 1232 suo
1117 1163 1528 1235 Monasterio
1564 1186 1644 1236 eo
1669 1168 1844 1254 jure,
1880 1182 2013 1253 quo*
2040 1188 2126 1236 ex
2164 1165 2386 1237 causis
2408 1165 2754 1252 premissis
2785 1164 2959 1252 ipsis

697 1270 1065 1342 dinoscitur
1103 1273 1437 1359 pertinere
1485 1283 1802 1364 perpetuo
1850 1275 2332 1365 possidendam
2351 1322 2369 1358 ‚
2423 1275 2482 1343 si
2519 1294 2641 1361 per
2691 1273 2959 1357 aliquos

697 1401 832 1450 non
871 1379 1075 1449 fuerit
1127 1381 1647 1471 contradictum,
1682 1386 2206 1455 contradictores
2252 1404 2412 1455 vero
2464 1383 2640 1466 siqui
2688 1382 2955 1466 fuerint,

702 1489 862 1557 citet
892 1488 1082 1574 ipsos
1115 1494 1351 1559 contra
1383 1501 1797 1581 prenotatum
1829 1495 2152 1563 Lazarum
2184 1493 2516 1563 Abbatem
2554 1492 2623 1558 iu
2656 1497 2961 1561 nostram

701 1595 1120 1685 presenciam
1151 1598 1241 1665 ad
1273 1601 1618 1670 terminum
1650 1608 2132 1689 competentem
2171 1601 2501 1671 rationem
2521 1600 2961 1669 contradicio·

701 1705 809 1776 nis
858 1708 1155 1795 ipsorum
1208 1708 1599 1781 reddituros.
1652 1713 1737 1779 Et
1786 1718 1941 1798 post
1988 1711 2114 1779 hec
2144 1710 2377 1798 'ipsius
2426 1708 2964 1795 possessionarie

699 1812 1212 1906 introduccionis
1246 1822 1313 1884 et
1365 1820 1761 1888 statue-ionis
1793 1840 1875 1888 ac
1905 1828 2234 1889 metarum
2280 1838 2600 1887 nouarum
2633 1816 2961 1887 erecionis

702 1922 942 1993 seriem
974 1943 1121 1994 cum
1152 1926 1531 1998 nominibus
1554 1930 2107 2001 contradictorum
2142 1939 2206 1998 et
2231 1928 2610 2015 citatorum,
2642 1925 2818 2012 siqui
2851 1947 2962 1994 ex-

706 2032 961 2102 titerint
993 2033 1402 2124 terminoque
1451 2042 1802 2124 assignato
1835 2040 1904 2108 in
1937 2039 2176 2110 vestris
2222 2037 2464 2107 litteris
2497 2035 2688 2104 nobis
2720 2037 2965 2105 amica-

703 2143 928 2211 biliter
976 2142 1390 2214 rescribatis.
1442 2146 1688 2216 Datum
1718 2148 1790 2218 in
1820 2148 1987 2218 villa
2038 2143 2509 2217 cruciferorum
2560 2162 2769 2229 prope
2803 2143 2964 2210 Tor-

706 2251 980 2318 densem
1013 2249 1350 2323 ciuitatem
1383 2257 1448 2325 in
1481 2258 1653 2329 festo
1686 2256 1880 2327 Beati
1918 2256 2267 2327 Michaelis
2302 2253 2706 2341 Archangeli
2732 2302 2752 2340 ,
2782 2271 2963 2319 anno

708 2358 975 2440 Domini
1008 2363 1357 2436 millesimo
1389 2367 1550 2437 00⁰.
1588 2365 1963 2437 Lxxxx0.
1995 2385 2192 2435 n0n0.

1139 2563 1428 2630 (Teutsch
1455 2559 1521 2621 es
1544 2562 1874 2620 Firnhaber
1897 2560 1975 2618 id.
2000 2579 2074 2619 m.
2100 2561 2145 2616 1.
2171 2560 2295 2617 kat.
2319 2559 2446 2617 211.
2476 2557 2541 2630 1.)
