3416 5313
1413 407 1538 474 10⁷

375 611 760 692 occupatam
794 604 1177 687 detinerent,
1225 605 1294 671 in
1324 603 1616 689 ipsorum
1650 602 2085 689 preJudicium
2120 608 2186 669 et
2214 619 2597 686 gravamen.

369 714 424 778 E
458 731 774 780 converso
811 731 964 778 vero
1004 712 1176 779 idem
1216 711 1627 779 Andronicus
1678 710 2058 794 Prepositus
2091 730 2210 796 pro
2261 728 2331 775 se
2383 714 2450 774 et
2479 708 2598 777 Oa-

358 819 566 905 pitulo
601 819 1097 906 Wesprimiensi
1128 822 1510 907 respondit,
1546 819 1721 903 quod
1753 821 1905 906 ipsa
1939 826 2116 886 terra
2150 818 2593 902 contenciosa‚

356 948 556 1011 quam
588 928 748 994 dicti
781 929 1009 1014 populi
1043 931 1127 994 ab
1162 928 1391 997 eodem
1426 930 1758 996 Michaele
1790 931 2012 1014 precio
2048 927 2596 1015 comparauerint‚

357 1057 486 1102 non
518 1036 752 1102 fnisset
784 1035 1187 1104 hereditaria
1220 1046 1399 1104 terra
1433 1039 1640 1122 ipsius
1700 1038 2046 1104 Michaelis
2071 1086 2088 1118 ,
2140 1036 2257 1103 sed
2294 1036 2377 1103 de
2411 1036 2599 1102 terris

356 1144 786 1227 Reginalibus
845 1144 928 1211 de
982 1152 1158 1211 terra
1207 1148 1420 1237 Bgren
1453 1153 1680 1211 secata
1736 1164 1855 1229 per
1893 1145 2174 1230 populos
2211 1145 2292 1210 de
2346 1144 2599 1228 eadem,

358 1254 717 1337 empcionis
750 1253 941 1320 titulo
976 1251 1063 1317 ad
1113 1255 1324 1339 ipsum
1358 1252 1748 1319 Michaelem
1799 1253 2115 1321 extiterat
2169 1254 2496 1334 devoluta,
2533 1257 2601 1318 et

357 1360 456 1427 sic
491 1360 689 1443 ijdem
723 1360 955 1445 populi
1006 1378 1122 1427 seu
1173 1360 1641 1444 condicionarij
1694 1361 2107 1444 postmodum
2162 1359 2441 1427 eandem
2475 1366 2600 1426 ter·

357 1489 498 1536 ram
553 1478 845 1535 emerunt
899 1469 984 1535 ab
1019 1468 1287 1549 eodem,
1346 1469 1513 1534 sicut
1562 1468 1627 1533 id
1680 1478 1748 1535 et
1797 1469 1866 1534 in
1911 1470 2263 1554 privilegio
2314 1468 2597 1554 Capituli

360 1578 710 1664 Albensis‚
762 1598 957 1666 super
995 1577 1329 1663 empcione
1383 1577 1679 1661 ejusdem
1726 1584 1898 1644 terre
1944 1597 2062 1661 per
2100 1577 2598 1665 ipsospopulos

363 1706 480 1754 seu
514 1687 999 1754 condicionales
1049 1686 1392 1770 injudicio
1445 1686 1634 1752 nobis
1685 1685 1981 1751 exhibito
2027 1686 2285 1769 plenius
2316 1684 2598 1752 vidimus

361 1795 699 1861 contineri.
733 1796 970 1861 Verum
1008 1795 1164 1875 quia
1195 1794 1494 1878 predicta
1526 1802 1704 1862 terra
1745 1793 2089 1875 Reginalis
2128 1793 2251 1860 fuit
2290 1799 2597 1877 spectans

360 1902 446 1967 ad
478 1904 752 1970 eandem
788 1904 1270 1988 possessionem
1322 1904 1532 1969 Beren
1563 1955 1578 1985 ‚
1630 1923 1757 1988 que
1788 1903 2098 1970 videlicet
2146 1903 2484 1988 possessio
2520 1923 2593 1967 ex

358 2012 732 2079 collacione
767 2012 1028 2078 domine
1066 2011 1427 2087 Elisabeth,
1464 2012 1793 2095 quondam
1828 2011 2077 2095 Regiae
2116 2010 2451 2096 Hungarie
2484 2030 2600 2095 per

357 2122 638 2188 eundem
672 2120 1059 2203 Magistrum
1111 2121 1550 2187 Andronicum
1602 2120 2056 2205 Prepositum‚
2112 2126 2176 2185 et
2226 2117 2597 2202 Capitulum

353 2227 870 2315 Wesprimiense
901 2229 1300 2313 possidetur,
1334 2249 1464 2295 non
1500 2237 1720 2295 autem
1753 2228 2000 2313 populi,
2037 2246 2152 2295 seu
2187 2227 2592 2293 condiciona-

355 2339 437 2424 rij
473 2338 732 2403 domine
764 2339 1015 2421 Regine
1045 2338 1374 2404 vendendi
1423 2358 1539 2404 seu
1574 2338 1916 2405 alienandi
1949 2338 2161 2424 ipsam
2209 2344 2451 2402 terram
2483 2335 2596 2401 ha-

358 2449 640 2514 buerunt
671 2446 1074 2524 facultatem,
1109 2466 1241 2511 una
1263 2468 1407 2515 cum
1442 2447 1808 2515 Baronibus
1831 2446 2077 2513 domini
2110 2442 2336 2532 Regis,
2373 2453 2437 2512 et
2470 2442 2596 2509 No-

362 2556 597 2621 bilibus
631 2555 841 2639 Regni
898 2555 1234 2621 nobiscum
1288 2553 1354 2619 in
1384 2554 1637 2640 judicio
1691 2553 2179 2633 assidentibus,
2237 2556 2347 2636 qui
2398 2552 2601 2637 inem

357 2666 583 2751 populi
626 2685 739 2731 seu
775 2664 1238 2749 condicionarij
1294 2663 1488 2732 modo
1544 2665 1894 2753 prehabito
1946 2664 2011 2730 in
2065 2665 2200 2731 suis
2251 2665 2604 2747 questioni*

362 2777 487 2841 bus
542 2794 660 2857 per
689 2777 906 2840 omnia
940 2773 1367 2859 defecerunt,
1424 2774 1919 2841 sentencialiter
1959 2772 2412 2854 decernendo,
2460 2792 2602 2858 pre-

364 2883 603 2950 dictam
639 2890 881 2949 terram
917 2903 1060 2949 cum
1100 2882 1493 2949 utilitatibus
1540 2883 1678 2949 suis
1712 2883 2090 2965 reliquimus
2143 2888 2210 2948 et
2260 2882 2605 2947 statuimus

367 2989 762 3055 authoritate
786 2988 1142 3074 judiciaria
1194 2990 1437 3058 eisdem
1472 2991 1849 3057 Andronico
1882 2992 2225 3074 Preposito
2247 3042 2265 3077 ‚
2319 2998 2384 3058 et
2415 2990 2601 3075 Capi-

370 3100 506 3166 tulo
541 3099 1040 3184 Wesprimiensi
1088 3107 1408 3186 perpetuo
1443 3098 1916 3185 possidendam
1940 3148 1955 3179 ,
2010 3099 2366 3167 tenendam
2403 3104 2466 3162 et
2496 3099 2608 3164 ha·

367 3210 675 3275 bendam.
710 3209 946 3272 Datum
983 3207 1165 3276 Bude
1198 3217 1386 3273 sexto
1421 3210 1527 3276 die
1562 3209 1749 3274 Beati
1783 3209 2020 3277 Jacobi
2057 3207 2395 3293 Apostoli,
2432 3225 2604 3272 anno

365 3317 625 3384 Domini
656 3316 1011 3382 millesimo
1047 3316 1501 3384 ducentesimo
1534 3316 1955 3402 nonagesimo
1988 3322 2237 3400 quarto.

541 3511 666 3582 (ΙΙΙ.
694 3512 887 3570 Endre
913 3510 1108 3583 kiraly
1144 3514 1364 3569 1295-ki
1392 3511 1920 3586 megerb'sitesebiil,
1948 3509 2123 3568 alabb
2151 3512 2236 3567 73.
2263 3529 2342 3566 sz.
2368 3510 2445 3579 a.)

1228 3830 1743 3839 m
