3416 5313
1361 328 1675 429 „343-

1428 987 1588 1053 loo.

389 1185 490 1247 ΑΖ
527 1184 769 1270 θνᾱέῑῃί
818 1186 1129 1271 kdptalan
1160 1182 1680 1273 bizohysdylevelc
1698 1240 1717 1272 ,
1771 1188 1929 1273 hoyy
1962 1188 2256 1255 Erzse'bet
2282 1241 2300 1275 ‚
2353 1188 2647 1256 Alvinczi

389 1290 687 1377 Herbo‘rd
717 1300 976 1380 &zveyye
1020 1292 1355 1379 Vcironqya
1406 1296 1466 1357 εἲς
1513 1294 1944 1380 Damdsfb’lde
1974 1298 2305 1382 joaquait
2349 1320 2425 1361 az
2477 1298 2648 1364 erde‘-

909 1398 1001 1485 lyi
1032 1402 1396 1487 ethdznak
1428 1403 1865 1488 ajdndekozta.
1902 1405 2096 1468 1300.

603 1597 739 1664 Nos
806 1598 1179 1683 Capitulum,
1227 1598 1524 1666 Ecclesie
1576 1599 1769 1666 Beati
1819 1601 2189 1686 Mychaelis
2240 1602 2645 1689 Archangeli

385 1703 857 1772 Transsiluane
893 1706 1203 1773 memorie
1243 1705 1777 1773 commendantes
1799 1712 2027 1773 tenore
2059 1709 2469 1793 presencium
2503 1710 2645 1795 qui·

386 1810 510 1877 bus
545 1811 818 1898 expedit
859 1810 1320 1898 significamus
1363 1812 1685 1880 vniuersis
1711 1865 1729 1898 ,
1766 1813 1945 1896 quod
1996 1813 2263 1882 domina
2297 1815 2645 1884 Elisabeth

388 1919 624 1984 relicta
657 1918 927 1985 Comitis
955 1918 1276 1987 Herbordi
1297 1921 1416 1986 filii
1447 1920 1811 2008 Henningij
1848 1923 1930 1988 de
1953 1924 2165 1990 Vinch
2197 1924 2510 2010 inferiori,
2533 1944 2644 1991 vo·

387 2025 677 2092 lentibus
712 2032 777 2092 et
811 2028 1381 2096 consencientibus
1415 2028 1549 2096 filio
1570 2030 1833 2096 nomine
1855 2030 2205 2097 Herbordo
2239 2038 2305 2097 et
2336 2030 2472 2097 filia
2505 2030 2639 2097 Eli·

390 2134 625 2200 sabeth
681 2141 1095 2220 nuncupata,
1148 2153 1228 2198 ac
1263 2135 1512 2202 Comite
1546 2138 1868 2222 Daniele,
1927 2138 2062 2204 filio
2098 2137 2407 2205 Chelonis
2442 2138 2645 2205 fratre

390 2241 637 2310 eisdem
672 2241 952 2323 domine,
988 2262 1112 2308 nec
1144 2263 1275 2309 non
1311 2251 1377 2309 et
1418 2244 1669 2312 Comite
1702 2244 1935 2309 Hanch
1968 2246 2051 2312 de
2085 2246 2293 2312 Vinch
2326 2246 2642 2330 inferiori,

387 2369 470 2415 ac
502 2350 697 2415 Petro
731 2349 1021 2434 plebano
1056 2347 1137 2414 de
1170 2350 1405 2436 Sebus,
1442 2349 1572 2419 filio
1608 2350 1885 2418 Comitis
1927 2351 2010 2417 de
2045 2352 2386 2434 Vasmodi,
2422 2358 2646 2420 astan-

389 2456 568 2524 tibus
602 2456 950 2543 presencia
983 2459 1343 2541 personali,
1389 2477 1607 2524 coram
1644 2460 1834 2527 nobis
1871 2460 2248 2542 constituta,
2283 2462 2498 2526 Deum
2532 2460 2645 2526 ba·

386 2566 552 2632 bens
587 2585 701 2650 pre
736 2567 964 2648 oculis,
998 2572 1062 2632 et
1098 2568 1403 2652 cogitans
1436 2568 1519 2633 de
1554 2569 1899 2652 supremis,
1938 2568 2018 2634 de
2053 2568 2482 2651 possessione
2516 2569 2645 2635 Co-

390 2676 566 2742 mitis
602 2674 924 2741 Herbordi
959 2676 1290 2759 quondam
1344 2676 1565 2742 mariti
1604 2677 1703 2742 sui
1739 2677 2088 2762 prelibati,
2142 2676 2233 2743 ad
2267 2695 2416 2741 eam
2451 2675 2644 2742 devo-

393 2785 553 2861 luta,
588 2784 701 2866 qui
732 2783 973 2849 Diuino
996 2789 1279 2849 vocante
1300 2784 1558 2869 ¹judicio
1614 2786 1789 2852 viam
1824 2784 2128 2850 universe
2162 2785 2382 2851 carnis
2417 2790 2518 2848 est
2548 2784 2645 2849 in·

396 2909 686 2978 gressus,
721 2890 946 2958 Varda
992 2899 1234 2958 vocata
1258 2942 1276 2975 ,
1312 2892 1506 2956 simul
1541 2910 1683 2957 cum
1718 2897 1894 2956 terra
1944 2892 2240 2956 Damasa
2272 2888 2454 2957 feldu
2487 2909 2646 2956 nun·

394 3004 659 3087 cupata,
694 2999 807 3064 ubi
839 3001 1145 3067 Ecclesia
1174 2998 1442 3082 lapidea
1492 2999 1560 3064 in
1594 2999 1845 3065 honore
1875 3000 2116 3065 Sancte
2149 2998 2512 3065 Trimitatis
2546 3003 2648 3066 est

390 3113 814 3190 constructa,
847 3126 974 3189 que
1025 3107 1105 3173 dc
1140 3106 1331 3172 bonis
1366 3105 1586 3172 mariti
1621 3107 1723 3170 sui
1757 3104 2227 3191 suprascripti,
2264 3110 2332 3170 et
2360 3102 2644 3191 propriis

389 3220 543 3283 sunt
577 3222 981 3300 comparate,
1018 3215 1216 3281 talem
1240 3213 1734 3279 ordinacionem
1758 3212 2021 3296 fecisse,
2058 3222 2224 3279 etex
2256 3222 2435 3293 uoto,
2474 3212 2646 3293 quod

387 3323 805 3408 presentibus
847 3321 1228 3399 confirmat,
1265 3319 1533 3387 firmiter
1566 3323 2089 3405 observaturam,
2125 3319 2508 3404 promisisse
2543 3322 2646 3385 est

388 3434 736 3517 confessa,
770 3430 1124 3511 videlicet,
1165 3427 1341 3512 quod
1374 3429 1434 3494 si
1466 3428 1618 3513 ipsa
1652 3434 1910 3493 mortua
1943 3426 2114 3493 filius
2149 3424 2384 3493 etfilia
2420 3444 2644 3509 super-

389 3539 716 3625 viuerent‚
752 3544 817 3604 et
848 3557 961 3603 eos
998 3556 1307 3603 successu
1341 3543 1703 3618 temporum
1755 3535 2011 3617 absque
2043 3531 2355 3600 heredum
2390 3531 2644 3600 solacio

389 3646 714 3716 decedere
748 3645 1183 3727 contingeret,
1208 3651 1320 3710 aut
1350 3647 1564 3708 tractu
1585 3640 1894 3725 temporis
1929 3658 2349 3712 successores
2383 3657 2501 3704 seu
2533 3640 2644 3706 he-

388 3755 587 3823 redes
621 3755 1005 3841 eorundem,
1040 3754 1155 3818 filii
1190 3752 1501 3820 videlicet
1534 3757 1599 3816 et
1640 3752 1774 3817 filie
1806 3750 2141 3834 utriusque
2173 3768 2373 3820 sexus
2408 3755 2546 3818 tam
2564 3749 2647 3816 de

387 3867 567 3934 linea
586 3864 901 3932 feminina
924 3883 1123 3947 quam
1154 3860 1546 3943 masculina,
1576 3882 1656 3927 ex
1679 3867 1834 3925 tunc
1855 3857 2032 3925 dicta
2054 3857 2391 3941 possessio
2415 3858 2645 3925 Varda

386 3971 581 4039 simul
616 3991 759 4036 cum
791 3976 974 4036 terra
1010 3967 1489 4034 Damasafeldu
1523 3963 1913 4051 supradicta
1945 3983 2088 4029 cum
2124 3962 2426 4037 omnibus
2458 3964 2644 4047 adja-

389 4079 637 4149 cenciis
671 4086 737 4143 et
769 4075 1169 4142 utilitatibus
1190 4121 1208 4155 ‚
1249 4072 1680 4155 molendinis,
1717 4071 1930 4137 uineis
1953 4121 1971 4155 ‚
2005 4071 2217 4155 siluis,
2251 4068 2646 4155 nemoribus,

385 4186 599 4274 pratis
650 4206 730 4251 ac
782 4191 971 4270 portu
1004 4182 1273 4270 nauium
1327 4201 1473 4248 cum
1526 4182 1728 4247 naulo
1781 4179 1868 4246 ad
1899 4179 2121 4264 ipsam
2146 4179 2370 4246 villam
2426 4176 2650 4247 Varda

325 4318 332 4322 ·
386 4294 742 4381 pertinenti
794 4300 861 4358 et
911 4290 1065 4377 alijs
1118 4290 1542 4376 pertinencijs
1584 4288 1887 4355 omnibus
1911 4336 1929 4371 ,
1982 4288 2070 4353 ad
2102 4290 2288 4372 ipsas
2323 4284 2551 4355 Varda
2581 4291 2647 4351 et

386 4398 870 4480 Damasafeldu
904 4397 1394 4483 quomodolibet
1442 4395 1928 4481 spectantibus,
1964 4416 2045 4460 ex
2078 4403 2231 4462 uoto
2269 4400 2336 4462 et
2367 4393 2641 4474 ordina-

387 4510 575 4575 cione
606 4527 781 4573 nunc
814 4508 1018 4595 facta,
1053 4508 1122 4573 in
1153 4507 1255 4571 ius
1290 4511 1353 4571 et
1386 4504 1853 4592 proprietatem
1887 4508 2181 4573 nostram
2214 4503 2647 4569 deuolueren-

384 4621 487 4683 tur
534 4616 681 4699 ipso
731 4615 937 4682 facto.
974 4614 1048 4682 Si
1080 4617 1297 4685 autem
1355 4611 1684 4698 predictos
1735 4609 1938 4678 filium
1970 4618 2031 4677 et
2064 4611 2267 4678 filiam
2309 4628 2458 4694 cum
2508 4614 2650 4688 tota
