3416 5313
1816 388 1946 457 170

1811 1027 1939 1096 111.

766 1229 883 1296 III.
924 1227 1138 1294 Endre
1167 1229 1383 1314 kircily
1406 1188 1679 1314 Sze'plak
1711 1227 2074 1316 helyse'qnek
2096 1231 2380 1317 Pozsony
2399 1229 2709 1295 vdrossali
2738 1233 2997 1317 eyyesic'-

1536 1335 1681 1400 le'se‘t
1712 1336 1973 1402 ren-deli.
2023 1339 2215 1402 1297.

969 1537 1105 1602 Nos
1159 1534 1464 1602 Andreas
1498 1534 1621 1601 Dei
1674 1535 1904 1620 gracia
1937 1534 2076 1602 Rex
2129 1536 2418 1620 Vngarie
2473 1536 2782 1603 memorie
2837 1553 3006 1601 eom·

758 1644 1141 1711 mendantes
1193 1643 1639 1728 significamus
1696 1644 1931 1726 quibus
1997 1644 2263 1736 expedit
2315 1651 2543 1711 tenore
2592 1645 3004 1732 presencium

757 1742 1314 1834 Vniuersisjquod
1345 1752 1501 1833 quia
1534 1770 1650 1818 nos
1673 1771 1870 1837 super
1904 1752 2425 1837 amplifieaeione
2454 1751 2741 1820 ciuitatis
2776 1759 3004 1819 nostre

758 1862 1181 1929 Posoniensis
1215 1867 1280 1925 et
1313 1861 1396 1926 de
1431 1859 1896 1926 melior-acione
1931 1862 2029 1926 sui
2064 1867 2277 1927 status
2311 1867 2450 1927 toto
2474 1880 2671 1944 posse
2707 1861 3006 1925 volumus

758 1971 1127 2055 inuigilare,
1162 1970 1330 2035 hane
1363 1967 1732 2051 hospitibus
1764 1969 2009 2035 nostris
2042 1971 2110 2037 iu
2146 1969 2411 2036 ciuitate
2444 1964 2834 2036 Posoniensi
2870 1968 3005 2032 exi-

759 2077 1081 2147 stentibus
1117 2078 1199 2144 de
1221 2077 1674 2144 munificencia
1706 2078 1921 2161 Regia
1954 2078 2243 2161 graciam
2270 2076 2573 2144 duximus
2608 2076 3006 2153 faciendam,

760 2198 831 2256 ut
864 2187 1088 2273 populi
1125 2186 1209 2251 de
1242 2185 1403 2253 vilia
1424 2185 1713 2268 Zeeplok
1734 2186 2112 2268 existenteS,
2150 2205 2220 2249 se
2256 2186 2319 2251 in
2348 2185 2677 2250 ciuitatem
2713 2192 3007 2249 nostram

763 2298 1232 2364 Posoniensem
1265 2293 1628 2358 transferre
1663 2294 1956 2360 debeant
2008 2314 2214 2362 eausa
2249 2292 2736 2374 commorandi,
2789 2293 2905 2357 illa
2941 2301 3005 2356 et

764 2402 999 2471 eadem
1031 2403 1336 2469 libertate
1389 2399 1761 2488 gaudeant,
1815 2422 1944 2484 qua
1975 2403 2093 2467 alii
2128 2402 2307 2469 eiues
2359 2402 2568 2466 nostri
2605 2401 2689 2465 de
2726 2398 3009 2466 Posonio

764 2512 1199 2599 gratulamur,
1238 2515 1301 2573 et
1332 2508 1552 2573 omnia
1585 2507 1846 2573 edificia
1879 2510 2199 2577 dictorum
2230 2508 2613 2593 populorum
2654 2515 2789 2595 tam
2824 2511 2888 2574 in
2922 2510 3018 2574 la·

764 2622 1044 2708 pidibus,
1080 2637 1273 2704 quam
1306 2617 1376 2684 in
1409 2616 1562 2704 alijs
1595 2622 1970 2688 constructa
2003 2639 2120 2704 pro
2168 2617 2536 2685 municione
2571 2617 2865 2684 ciuitatis
2899 2638 3010 2685 no·

764 2738 898 2797 stre
930 2729 1259 2798 antediete
1293 2726 1595 2793 duximus
1629 2727 2036 2813 deputanda..
2087 2727 2276 2792 Vnde
2309 2725 2628 2808 volumus,
2665 2724 2839 2809 quod
2871 2729 3011 2792 nul-

765 2841 865 2907 lus
898 2841 1073 2908 eiues
1122 2843 1382 2905 nostros
1415 2836 1499 2901 de
1532 2837 2192 2910 Posonio-oeeasioue
2239 2833 2519 2922 predicti
2576 2833 2735 2903 faeti
2771 2834 3015 2902 audeat

764 2950 871 3017 vel
906 2953 1246 3029 presumat
1300 2945 1671 3012 molestare.
1725 2946 1966 3010 Datum
2000 2947 2264 3031 Posonij
2299 2945 2364 3009 in
2422 2942 2709 3011 erastino
2744 2945 3011 3010 Annun-

767 3055 1087 3124 oiaeionis
1121 3055 1411 3139 Virginis
1436 3052 1758 3137 Gloriose‚
1795 3073 1966 3121 anno
1991 3054 2253 3120 Domini
2286 3053 2383 3118 M⁰
2407 3050 2550 3121 00⁰
2587 3052 3013 3135 nonagesimo

766 3167 1068 3252 septimo.

1256 3357 1547 3429 (Eredetie
1571 3356 1840 3428 Pozsony
1866 3354 2037 3415 vairos
2064 3353 2508 3425 leveltaraban.)
