<?xml version="1.0" encoding="UTF-8"?>
<!DOCTYPE html PUBLIC "-//W3C//DTD XHTML 1.0 Transitional//EN"
    "http://www.w3.org/TR/xhtml1/DTD/xhtml1-transitional.dtd">
<html xmlns="http://www.w3.org/1999/xhtml" xml:lang="en" lang="en">
 <head>
  <title>
</title>
<meta http-equiv="Content-Type" content="text/html;charset=utf-8" />
  <meta name='ocr-system' content='tesseract 3.04.00' />
  <meta name='ocr-capabilities' content='ocr_page ocr_carea ocr_par ocr_line ocrx_word'/>
</head>
<body>
  <div class='ocr_page' id='page_1' title='image "./rpdkorijokmnytr01wenzgoog_0140.png"; bbox 0 0 3416 5313; ppageno 0'>
   <div class='ocr_carea' id='block_1_1' title="bbox 1851 395 1975 464">
    <p class='ocr_par' dir='ltr' id='par_1_1' title="bbox 1851 395 1975 464">
     <span class='ocr_line' id='line_1_1' title="bbox 1851 395 1975 464; baseline 0.032 -4"><span class='ocrx_word' id='word_1_1' title='bbox 1851 395 1975 464; x_wconf 81' lang='lat'><strong>108</strong></span> 
     </span>
    </p>
   </div>
   <div class='ocr_carea' id='block_1_2' title="bbox 1756 481 2073 496">
    <p class='ocr_par' dir='ltr' id='par_1_2' title="bbox 1756 481 2073 496">
     <span class='ocr_line' id='line_1_2' title="bbox 1756 481 2073 496; baseline 0 0"><span class='ocrx_word' id='word_1_2' title='bbox 1756 481 2073 496; x_wconf 95' lang='lat' dir='ltr'><strong> </strong></span> 
     </span>
    </p>
   </div>
   <div class='ocr_carea' id='block_1_3' title="bbox 1850 1034 1961 1099">
    <p class='ocr_par' dir='ltr' id='par_1_3' title="bbox 1850 1034 1961 1099">
     <span class='ocr_line' id='line_1_3' title="bbox 1850 1034 1961 1099; baseline 0.009 -1"><span class='ocrx_word' id='word_1_3' title='bbox 1850 1034 1961 1099; x_wconf 79' lang='lat' dir='ltr'><strong>w.</strong></span> 
     </span>
    </p>
   </div>
   <div class='ocr_carea' id='block_1_4' title="bbox 784 1210 3030 1640">
    <p class='ocr_par' dir='ltr' id='par_1_4' title="bbox 786 1210 3030 1318">
     <span class='ocr_line' id='line_1_4' title="bbox 786 1210 3030 1318; baseline -0.001 -22"><span class='ocrx_word' id='word_1_4' title='bbox 786 1230 1177 1316; x_wconf 59' lang='lat' dir='ltr'><strong>quezkedds</strong></span> <span class='ocrx_word' id='word_1_5' title='bbox 1210 1231 1460 1318; x_wconf 75' lang='lat' dir='ltr'><strong>Gyb’rqy</strong></span> <span class='ocrx_word' id='word_1_6' title='bbox 1492 1232 1722 1295; x_wconf 73' lang='lat' dir='ltr'><strong>brebiri</strong></span> <span class='ocrx_word' id='word_1_7' title='bbox 1751 1210 1920 1315; x_wconf 48' lang='lat' dir='ltr'><strong>qvos,</strong></span> <span class='ocrx_word' id='word_1_8' title='bbox 1954 1228 2230 1295; x_wconf 77' lang='lat' dir='ltr'><strong>Almissa</strong></span> <span class='ocrx_word' id='word_1_9' title='bbox 2260 1235 2447 1296; x_wconf 74' lang='lat' dir='ltr'><strong>vdros</strong></span> <span class='ocrx_word' id='word_1_10' title='bbox 2479 1215 2763 1315; x_wconf 65' lang='lat' dir='ltr'><strong>neve&#39;ben,</strong></span> <span class='ocrx_word' id='word_1_11' title='bbox 2800 1234 2863 1294; x_wconf 60' lang='lat'><strong>5⁸</strong></span> <span class='ocrx_word' id='word_1_12' title='bbox 2894 1231 3030 1295; x_wconf 86' lang='lat' dir='ltr'><strong>Mo-</strong></span> 
     </span>
    </p>

    <p class='ocr_par' dir='ltr' id='par_1_5' title="bbox 789 1338 3028 1426">
     <span class='ocr_line' id='line_1_5' title="bbox 789 1338 3028 1426; baseline 0 -24"><span class='ocrx_word' id='word_1_13' title='bbox 789 1341 984 1403; x_wconf 76' lang='lat' dir='ltr'><strong>rosini</strong></span> <span class='ocrx_word' id='word_1_14' title='bbox 1023 1340 1228 1425; x_wconf 73' lang='lat' dir='ltr'><strong>Royer</strong></span> <span class='ocrx_word' id='word_1_15' title='bbox 1261 1339 1500 1423; x_wconf 78' lang='lat' dir='ltr'><strong>jadrai</strong></span> <span class='ocrx_word' id='word_1_16' title='bbox 1528 1340 1682 1423; x_wconf 64' lang='lat' dir='ltr'><strong>yrcis</strong></span> <span class='ocrx_word' id='word_1_17' title='bbox 1726 1338 1884 1424; x_wconf 79' lang='lat' dir='ltr'><strong>k‘o&#39;zt,</strong></span> <span class='ocrx_word' id='word_1_18' title='bbox 1919 1338 2193 1424; x_wconf 76' lang='lat' dir='ltr'><strong>melyben</strong></span> <span class='ocrx_word' id='word_1_19' title='bbox 2225 1340 2602 1426; x_wconf 74' lang='lat' dir='ltr'><strong>eqymdenalc</strong></span> <span class='ocrx_word' id='word_1_20' title='bbox 2633 1345 2719 1404; x_wconf 76' lang='lat' dir='ltr'><strong>tiz</strong></span> <span class='ocrx_word' id='word_1_21' title='bbox 2752 1342 2888 1404; x_wconf 62' lang='lat' dir='ltr'><strong>‹im-e</strong></span> <span class='ocrx_word' id='word_1_22' title='bbox 2933 1339 3028 1403; x_wconf 57' lang='lat' dir='ltr'><strong>ba-</strong></span> 
     </span>
    </p>

    <p class='ocr_par' dir='ltr' id='par_1_6' title="bbox 784 1446 3030 1640">
     <span class='ocr_line' id='line_1_6' title="bbox 784 1446 3030 1534; baseline 0.001 -23"><span class='ocrx_word' id='word_1_23' title='bbox 784 1448 1046 1532; x_wconf 75' lang='lat' dir='ltr'><strong>kesse&#39;qet</strong></span> <span class='ocrx_word' id='word_1_24' title='bbox 1066 1446 1425 1532; x_wconf 73' lang='lat' dir='ltr'><strong>foqadnak,</strong></span> <span class='ocrx_word' id='word_1_25' title='bbox 1477 1446 1746 1532; x_wconf 79' lang='lat' dir='ltr'><strong>Spalato</strong></span> <span class='ocrx_word' id='word_1_26' title='bbox 1780 1450 1967 1510; x_wconf 69' lang='lat' dir='ltr'><strong>vetros</strong></span> <span class='ocrx_word' id='word_1_27' title='bbox 2029 1449 2091 1511; x_wconf 79' lang='lat' dir='ltr'><strong>e‘s</strong></span> <span class='ocrx_word' id='word_1_28' title='bbox 2141 1447 2279 1511; x_wconf 72' lang='lat' dir='ltr'><strong>wbb</strong></span> <span class='ocrx_word' id='word_1_29' title='bbox 2315 1447 2550 1533; x_wconf 77' lang='lat' dir='ltr'><strong>jadrai</strong></span> <span class='ocrx_word' id='word_1_30' title='bbox 2567 1447 2803 1534; x_wconf 75' lang='lat' dir='ltr'><strong>polqdr</strong></span> <span class='ocrx_word' id='word_1_31' title='bbox 2832 1448 3030 1513; x_wconf 72' lang='lat' dir='ltr'><strong>kezes-</strong></span> 
     </span>
     <span class='ocr_line' id='line_1_7' title="bbox 1575 1553 2232 1640; baseline 0.006 -23"><span class='ocrx_word' id='word_1_32' title='bbox 1575 1557 1710 1640; x_wconf 77' lang='lat' dir='ltr'><strong>369e</strong></span> <span class='ocrx_word' id='word_1_33' title='bbox 1741 1553 1984 1619; x_wconf 80' lang='lat' dir='ltr'><strong>mellett.</strong></span> <span class='ocrx_word' id='word_1_34' title='bbox 2038 1557 2232 1621; x_wconf 83' lang='lat'><strong><em>1294.</em></strong></span> 
     </span>
    </p>
   </div>
   <div class='ocr_carea' id='block_1_5' title="bbox 771 1770 3028 4800">
    <p class='ocr_par' dir='ltr' id='par_1_7' title="bbox 771 1770 3028 4800">
     <span class='ocr_line' id='line_1_8' title="bbox 997 1770 3028 1859; baseline -0.001 -21"><span class='ocrx_word' id='word_1_35' title='bbox 997 1773 1072 1838; x_wconf 94' lang='lat' dir='ltr'><strong>In</strong></span> <span class='ocrx_word' id='word_1_36' title='bbox 1100 1770 1341 1838; x_wconf 80' lang='lat' dir='ltr'><strong>Christi</strong></span> <span class='ocrx_word' id='word_1_37' title='bbox 1373 1771 1632 1838; x_wconf 89' lang='lat' dir='ltr'><strong>nomine</strong></span> <span class='ocrx_word' id='word_1_38' title='bbox 1683 1773 1912 1840; x_wconf 88' lang='lat' dir='ltr'><strong>Amen.</strong></span> <span class='ocrx_word' id='word_1_39' title='bbox 1956 1773 2143 1841; x_wconf 89' lang='lat' dir='ltr'><strong>Anno</strong></span> <span class='ocrx_word' id='word_1_40' title='bbox 2176 1770 2670 1839; x_wconf 84' lang='lat' dir='ltr'><strong>Inearnaeionis</strong></span> <span class='ocrx_word' id='word_1_41' title='bbox 2711 1772 2856 1859; x_wconf 90' lang='lat' dir='ltr'><strong>ejus</strong></span> <span class='ocrx_word' id='word_1_42' title='bbox 2887 1770 3028 1836; x_wconf 88' lang='lat' dir='ltr'><strong>mil-</strong></span> 
     </span>
     <span class='ocr_line' id='line_1_9' title="bbox 783 1879 3021 1965; baseline -0.002 -16"><span class='ocrx_word' id='word_1_43' title='bbox 783 1882 1011 1951; x_wconf 80' lang='lat' dir='ltr'><strong>lesimo</strong></span> <span class='ocrx_word' id='word_1_44' title='bbox 1063 1879 1503 1948; x_wconf 81' lang='lat' dir='ltr'><strong>ducentesimo</strong></span> <span class='ocrx_word' id='word_1_45' title='bbox 1559 1883 1985 1965; x_wconf 85' lang='lat' dir='ltr'><strong>nonagesimo</strong></span> <span class='ocrx_word' id='word_1_46' title='bbox 2019 1887 2251 1965; x_wconf 82' lang='lat' dir='ltr'><strong>quarto</strong></span> <span class='ocrx_word' id='word_1_47' title='bbox 2291 1880 2672 1949; x_wconf 84' lang='lat' dir='ltr'><strong>Indioeione</strong></span> <span class='ocrx_word' id='word_1_48' title='bbox 2716 1881 2875 1962; x_wconf 89' lang='lat' dir='ltr'>V11.‚</span> <span class='ocrx_word' id='word_1_49' title='bbox 2913 1879 3021 1945; x_wconf 89' lang='lat' dir='ltr'><strong>die</strong></span> 
     </span>
     <span class='ocr_line' id='line_1_10' title="bbox 782 1989 3028 2076; baseline -0.002 -17"><span class='ocrx_word' id='word_1_50' title='bbox 782 1991 1126 2061; x_wconf 87' lang='lat' dir='ltr'><strong>Dominieo</strong></span> <span class='ocrx_word' id='word_1_51' title='bbox 1159 1990 1467 2059; x_wconf 91' lang='lat' dir='ltr'><strong>XXVIII.</strong></span> <span class='ocrx_word' id='word_1_52' title='bbox 1502 1991 1733 2058; x_wconf 79' lang='lat' dir='ltr'><strong>Marcii</strong></span> <span class='ocrx_word' id='word_1_53' title='bbox 1761 1989 2062 2058; x_wconf 88' lang='lat' dir='ltr'><strong>dominus</strong></span> <span class='ocrx_word' id='word_1_54' title='bbox 2097 1990 2423 2076; x_wconf 78' lang='lat' dir='ltr'>Georgius</span> <span class='ocrx_word' id='word_1_55' title='bbox 2459 1990 2694 2059; x_wconf 79' lang='lat' dir='ltr'><strong>Comes</strong></span> <span class='ocrx_word' id='word_1_56' title='bbox 2725 1990 3028 2057; x_wconf 89' lang='lat' dir='ltr'><strong>Berberi·</strong></span> 
     </span>
     <span class='ocr_line' id='line_1_11' title="bbox 785 2095 3023 2186; baseline -0.001 -21"><span class='ocrx_word' id='word_1_57' title='bbox 785 2100 962 2166; x_wconf 89' lang='lat' dir='ltr'><strong>ensis</strong></span> <span class='ocrx_word' id='word_1_58' title='bbox 1014 2095 1508 2186; x_wconf 86' lang='lat' dir='ltr'><strong>(Brebiriensis)</strong></span> <span class='ocrx_word' id='word_1_59' title='bbox 1562 2098 1990 2183; x_wconf 82' lang='lat' dir='ltr'><strong>solempniter</strong></span> <span class='ocrx_word' id='word_1_60' title='bbox 2021 2100 2226 2181; x_wconf 89' lang='lat' dir='ltr'><strong>inivit,</strong></span> <span class='ocrx_word' id='word_1_61' title='bbox 2280 2099 2437 2165; x_wconf 84' lang='lat' dir='ltr'><strong>feeit</strong></span> <span class='ocrx_word' id='word_1_62' title='bbox 2470 2106 2534 2165; x_wconf 90' lang='lat' dir='ltr'><strong>et</strong></span> <span class='ocrx_word' id='word_1_63' title='bbox 2584 2098 2871 2165; x_wconf 85' lang='lat' dir='ltr'><strong>firmavit</strong></span> <span class='ocrx_word' id='word_1_64' title='bbox 2902 2116 3023 2183; x_wconf 89' lang='lat' dir='ltr'><strong>pro</strong></span> 
     </span>
     <span class='ocr_line' id='line_1_12' title="bbox 789 2208 3023 2294; baseline 0.002 -21"><span class='ocrx_word' id='word_1_65' title='bbox 789 2229 860 2277; x_wconf 92' lang='lat' dir='ltr'><strong>se</strong></span> <span class='ocrx_word' id='word_1_66' title='bbox 892 2213 1037 2294; x_wconf 93' lang='lat' dir='ltr'><strong>ipso</strong></span> <span class='ocrx_word' id='word_1_67' title='bbox 1073 2215 1138 2277; x_wconf 93' lang='lat' dir='ltr'><strong>et</strong></span> <span class='ocrx_word' id='word_1_68' title='bbox 1167 2218 1365 2293; x_wconf 87' lang='lat' dir='ltr'><strong>gente</strong></span> <span class='ocrx_word' id='word_1_69' title='bbox 1405 2228 1559 2291; x_wconf 82' lang='lat' dir='ltr'><strong>sua,</strong></span> <span class='ocrx_word' id='word_1_70' title='bbox 1614 2227 1692 2274; x_wconf 86' lang='lat' dir='ltr'><strong>ae</strong></span> <span class='ocrx_word' id='word_1_71' title='bbox 1725 2208 2006 2278; x_wconf 90' lang='lat' dir='ltr'><strong>subditis</strong></span> <span class='ocrx_word' id='word_1_72' title='bbox 2040 2210 2202 2292; x_wconf 72' lang='lat' dir='ltr'><strong>suiS,</strong></span> <span class='ocrx_word' id='word_1_73' title='bbox 2237 2218 2303 2277; x_wconf 89' lang='lat' dir='ltr'><strong>et</strong></span> <span class='ocrx_word' id='word_1_74' title='bbox 2333 2209 2593 2275; x_wconf 87' lang='lat' dir='ltr'><strong>nomine</strong></span> <span class='ocrx_word' id='word_1_75' title='bbox 2646 2208 3023 2278; x_wconf 80' lang='lat' dir='ltr'><strong>Communis</strong></span> 
     </span>
     <span class='ocr_line' id='line_1_13' title="bbox 784 2315 3028 2403; baseline 0.003 -22"><span class='ocrx_word' id='word_1_76' title='bbox 784 2323 849 2383; x_wconf 88' lang='lat' dir='ltr'><strong>et</strong></span> <span class='ocrx_word' id='word_1_77' title='bbox 878 2317 1212 2384; x_wconf 89' lang='lat' dir='ltr'><strong>hominum</strong></span> <span class='ocrx_word' id='word_1_78' title='bbox 1243 2315 1504 2383; x_wconf 81' lang='lat' dir='ltr'><strong>Almisii</strong></span> <span class='ocrx_word' id='word_1_79' title='bbox 1537 2336 1801 2403; x_wconf 84' lang='lat' dir='ltr'><strong>meram,</strong></span> <span class='ocrx_word' id='word_1_80' title='bbox 1839 2337 2072 2401; x_wconf 85' lang='lat' dir='ltr'><strong>puram</strong></span> <span class='ocrx_word' id='word_1_81' title='bbox 2106 2325 2168 2384; x_wconf 91' lang='lat' dir='ltr'><strong>et</strong></span> <span class='ocrx_word' id='word_1_82' title='bbox 2204 2317 2457 2383; x_wconf 83' lang='lat' dir='ltr'><strong>firmam</strong></span> <span class='ocrx_word' id='word_1_83' title='bbox 2490 2321 2788 2402; x_wconf 78' lang='lat' dir='ltr'><strong>treugam</strong></span> <span class='ocrx_word' id='word_1_84' title='bbox 2822 2336 3028 2403; x_wconf 83' lang='lat' dir='ltr'><strong>usque</strong></span> 
     </span>
     <span class='ocr_line' id='line_1_14' title="bbox 785 2424 3022 2511; baseline 0.002 -19"><span class='ocrx_word' id='word_1_85' title='bbox 785 2426 875 2494; x_wconf 84' lang='lat' dir='ltr'><strong>ad</strong></span> <span class='ocrx_word' id='word_1_86' title='bbox 921 2424 1148 2493; x_wconf 79' lang='lat' dir='ltr'><strong>decem</strong></span> <span class='ocrx_word' id='word_1_87' title='bbox 1200 2443 1405 2492; x_wconf 82' lang='lat' dir='ltr'><strong>annos</strong></span> <span class='ocrx_word' id='word_1_88' title='bbox 1455 2424 1799 2493; x_wconf 80' lang='lat' dir='ltr'><strong>continuos</strong></span> <span class='ocrx_word' id='word_1_89' title='bbox 1852 2432 1915 2491; x_wconf 92' lang='lat' dir='ltr'><strong>et</strong></span> <span class='ocrx_word' id='word_1_90' title='bbox 1967 2426 2334 2511; x_wconf 77' lang='lat' dir='ltr'><strong>completos</strong></span> <span class='ocrx_word' id='word_1_91' title='bbox 2390 2444 2532 2491; x_wconf 83' lang='lat' dir='ltr'><strong>cum</strong></span> <span class='ocrx_word' id='word_1_92' title='bbox 2576 2424 2846 2508; x_wconf 84' lang='lat' dir='ltr'><strong>egregio</strong></span> <span class='ocrx_word' id='word_1_93' title='bbox 2880 2428 3022 2497; x_wconf 88' lang='lat' dir='ltr'><strong>viro</strong></span> 
     </span>
     <span class='ocr_line' id='line_1_15' title="bbox 781 2530 3026 2633; baseline 0.001 -31"><span class='ocrx_word' id='word_1_94' title='bbox 781 2534 1044 2602; x_wconf 88' lang='lat' dir='ltr'><strong>domino</strong></span> <span class='ocrx_word' id='word_1_95' title='bbox 1077 2531 1357 2619; x_wconf 87' lang='lat' dir='ltr'><strong>Rogerio</strong></span> <span class='ocrx_word' id='word_1_96' title='bbox 1400 2533 1792 2600; x_wconf 83' lang='lat' dir='ltr'><strong>Maoroeeno</strong></span> <span class='ocrx_word' id='word_1_97' title='bbox 1823 2531 2128 2601; x_wconf 85' lang='lat' dir='ltr'><strong>Jadrensi</strong></span> <span class='ocrx_word' id='word_1_98' title='bbox 2161 2531 2412 2599; x_wconf 70' lang='lat' dir='ltr'><strong>Comite</strong></span> <span class='ocrx_word' id='word_1_99' title='bbox 2445 2530 2783 2633; x_wconf 77' lang='lat' dir='ltr'><strong>recipienti</strong></span> <span class='ocrx_word' id='word_1_100' title='bbox 2816 2541 2883 2601; x_wconf 89' lang='lat' dir='ltr'><strong>et</strong></span> <span class='ocrx_word' id='word_1_101' title='bbox 2913 2537 3026 2605; x_wconf 82' lang='lat' dir='ltr'><strong>sti-</strong></span> 
     </span>
     <span class='ocr_line' id='line_1_16' title="bbox 781 2639 3024 2732; baseline 0.002 -24"><span class='ocrx_word' id='word_1_102' title='bbox 781 2642 1036 2729; x_wconf 85' lang='lat' dir='ltr'><strong>pulanti</strong></span> <span class='ocrx_word' id='word_1_103' title='bbox 1085 2640 1345 2708; x_wconf 91' lang='lat' dir='ltr'><strong>nomine</strong></span> <span class='ocrx_word' id='word_1_104' title='bbox 1403 2648 1469 2708; x_wconf 89' lang='lat' dir='ltr'><strong>et</strong></span> <span class='ocrx_word' id='word_1_105' title='bbox 1518 2640 1661 2708; x_wconf 85' lang='lat' dir='ltr'><strong>vioe</strong></span> <span class='ocrx_word' id='word_1_106' title='bbox 1693 2643 1974 2711; x_wconf 84' lang='lat' dir='ltr'><strong>Illustris</strong></span> <span class='ocrx_word' id='word_1_107' title='bbox 2027 2641 2271 2709; x_wconf 88' lang='lat' dir='ltr'><strong>domini</strong></span> <span class='ocrx_word' id='word_1_108' title='bbox 2323 2641 2525 2709; x_wconf 86' lang='lat' dir='ltr'><strong>Duois</strong></span> <span class='ocrx_word' id='word_1_109' title='bbox 2578 2639 3024 2732; x_wconf 83' lang='lat' dir='ltr'><strong>Venetiarum‚</strong></span> 
     </span>
     <span class='ocr_line' id='line_1_17' title="bbox 782 2749 3022 2835; baseline 0 -16"><span class='ocrx_word' id='word_1_110' title='bbox 782 2751 1155 2819; x_wconf 80' lang='lat' dir='ltr'><strong>Communis</strong></span> <span class='ocrx_word' id='word_1_111' title='bbox 1185 2757 1253 2817; x_wconf 88' lang='lat' dir='ltr'><strong>et</strong></span> <span class='ocrx_word' id='word_1_112' title='bbox 1283 2749 1617 2816; x_wconf 88' lang='lat' dir='ltr'><strong>homiuum</strong></span> <span class='ocrx_word' id='word_1_113' title='bbox 1658 2750 1959 2819; x_wconf 83' lang='lat' dir='ltr'><strong>Civitatis</strong></span> <span class='ocrx_word' id='word_1_114' title='bbox 1994 2753 2287 2819; x_wconf 85' lang='lat' dir='ltr'><strong>eiusdem</strong></span> <span class='ocrx_word' id='word_1_115' title='bbox 2308 2802 2326 2835; x_wconf 93' lang='lat'><em>‚</em></span> <span class='ocrx_word' id='word_1_116' title='bbox 2378 2770 2502 2817; x_wconf 85' lang='lat' dir='ltr'><strong>neo</strong></span> <span class='ocrx_word' id='word_1_117' title='bbox 2533 2773 2662 2820; x_wconf 93' lang='lat' dir='ltr'><strong>non</strong></span> <span class='ocrx_word' id='word_1_118' title='bbox 2696 2752 3022 2820; x_wconf 82' lang='lat' dir='ltr'><strong>habitato·</strong></span> 
     </span>
     <span class='ocr_line' id='line_1_18' title="bbox 784 2858 3025 2945; baseline 0.001 -19"><span class='ocrx_word' id='word_1_119' title='bbox 784 2880 939 2943; x_wconf 89' lang='lat' dir='ltr'><strong>rum,</strong></span> <span class='ocrx_word' id='word_1_120' title='bbox 972 2858 1282 2945; x_wconf 86' lang='lat' dir='ltr'><strong>fidelium,</strong></span> <span class='ocrx_word' id='word_1_121' title='bbox 1317 2860 1759 2944; x_wconf 77' lang='lat' dir='ltr'><strong>subjectorum</strong></span> <span class='ocrx_word' id='word_1_122' title='bbox 1795 2868 1862 2928; x_wconf 91' lang='lat' dir='ltr'><strong>et</strong></span> <span class='ocrx_word' id='word_1_123' title='bbox 1905 2860 2405 2930; x_wconf 80' lang='lat' dir='ltr'><strong>districtualium</strong></span> <span class='ocrx_word' id='word_1_124' title='bbox 2437 2881 2717 2930; x_wconf 90' lang='lat' dir='ltr'><strong>suorum.</strong></span> <span class='ocrx_word' id='word_1_125' title='bbox 2753 2864 3025 2930; x_wconf 90' lang='lat' dir='ltr'><strong>Promit-</strong></span> 
     </span>
     <span class='ocr_line' id='line_1_19' title="bbox 788 2966 3027 3054; baseline 0.001 -19"><span class='ocrx_word' id='word_1_126' title='bbox 788 2977 932 3035; x_wconf 90' lang='lat' dir='ltr'><strong>tens</strong></span> <span class='ocrx_word' id='word_1_127' title='bbox 967 2966 1296 3054; x_wconf 81' lang='lat' dir='ltr'><strong>predictus</strong></span> <span class='ocrx_word' id='word_1_128' title='bbox 1328 2968 1630 3035; x_wconf 85' lang='lat' dir='ltr'><strong>dominus</strong></span> <span class='ocrx_word' id='word_1_129' title='bbox 1669 2969 1904 3037; x_wconf 83' lang='lat' dir='ltr'><strong>Comes</strong></span> <span class='ocrx_word' id='word_1_130' title='bbox 1939 2970 2259 3052; x_wconf 80' lang='lat' dir='ltr'>Georgius</span> <span class='ocrx_word' id='word_1_131' title='bbox 2281 2967 2575 3053; x_wconf 84' lang='lat' dir='ltr'><strong>predicto</strong></span> <span class='ocrx_word' id='word_1_132' title='bbox 2608 2968 2874 3038; x_wconf 88' lang='lat' dir='ltr'><strong>domino</strong></span> <span class='ocrx_word' id='word_1_133' title='bbox 2905 2972 3027 3038; x_wconf 87' lang='lat' dir='ltr'><strong>Ro·</strong></span> 
     </span>
     <span class='ocr_line' id='line_1_20' title="bbox 781 3076 3020 3164; baseline 0.003 -23"><span class='ocrx_word' id='word_1_134' title='bbox 781 3078 960 3161; x_wconf 85' lang='lat' dir='ltr'><strong>gerio</strong></span> <span class='ocrx_word' id='word_1_135' title='bbox 994 3076 1387 3145; x_wconf 84' lang='lat' dir='ltr'><strong>Mauroeeno</strong></span> <span class='ocrx_word' id='word_1_136' title='bbox 1406 3077 1715 3145; x_wconf 84' lang='lat' dir='ltr'><strong>Jadrensi</strong></span> <span class='ocrx_word' id='word_1_137' title='bbox 1736 3078 2008 3163; x_wconf 80' lang='lat' dir='ltr'><strong>Comite‚</strong></span> <span class='ocrx_word' id='word_1_138' title='bbox 2043 3078 2399 3164; x_wconf 78' lang='lat' dir='ltr'><strong>recipiente</strong></span> <span class='ocrx_word' id='word_1_139' title='bbox 2434 3086 2499 3145; x_wconf 88' lang='lat' dir='ltr'><strong>et</strong></span> <span class='ocrx_word' id='word_1_140' title='bbox 2530 3077 2889 3163; x_wconf 78' lang='lat' dir='ltr'><strong>stipulante</strong></span> <span class='ocrx_word' id='word_1_141' title='bbox 2912 3099 3020 3148; x_wconf 90' lang='lat' dir='ltr'><strong>no·</strong></span> 
     </span>
     <span class='ocr_line' id='line_1_21' title="bbox 782 3185 3018 3272; baseline 0.002 -21"><span class='ocrx_word' id='word_1_142' title='bbox 782 3188 952 3254; x_wconf 86' lang='lat' dir='ltr'><strong>mine</strong></span> <span class='ocrx_word' id='word_1_143' title='bbox 986 3185 1265 3272; x_wconf 86' lang='lat' dir='ltr'><strong>predieti</strong></span> <span class='ocrx_word' id='word_1_144' title='bbox 1298 3185 1546 3254; x_wconf 87' lang='lat' dir='ltr'><strong>domini</strong></span> <span class='ocrx_word' id='word_1_145' title='bbox 1578 3187 1806 3272; x_wconf 69' lang='lat' dir='ltr'><strong>Dueiss,</strong></span> <span class='ocrx_word' id='word_1_146' title='bbox 1829 3186 2204 3254; x_wconf 79' lang='lat' dir='ltr'><strong>Communis</strong></span> <span class='ocrx_word' id='word_1_147' title='bbox 2238 3193 2304 3255; x_wconf 92' lang='lat' dir='ltr'><strong>et</strong></span> <span class='ocrx_word' id='word_1_148' title='bbox 2332 3186 2664 3253; x_wconf 90' lang='lat' dir='ltr'><strong>hominum</strong></span> <span class='ocrx_word' id='word_1_149' title='bbox 2706 3187 3018 3256; x_wconf 77' lang='lat' dir='ltr'><strong>Veneoia-</strong></span> 
     </span>
     <span class='ocr_line' id='line_1_22' title="bbox 780 3291 3020 3382; baseline 0.003 -21"><span class='ocrx_word' id='word_1_150' title='bbox 780 3315 940 3377; x_wconf 89' lang='lat' dir='ltr'><strong>rum,</strong></span> <span class='ocrx_word' id='word_1_151' title='bbox 973 3299 1043 3360; x_wconf 94' lang='lat' dir='ltr'><strong>ut</strong></span> <span class='ocrx_word' id='word_1_152' title='bbox 1074 3291 1440 3380; x_wconf 80' lang='lat' dir='ltr'><strong>predictum</strong></span> <span class='ocrx_word' id='word_1_153' title='bbox 1493 3301 1611 3379; x_wconf 84' lang='lat' dir='ltr'><strong>est,</strong></span> <span class='ocrx_word' id='word_1_154' title='bbox 1665 3293 1837 3378; x_wconf 91' lang='lat' dir='ltr'><strong>quod</strong></span> <span class='ocrx_word' id='word_1_155' title='bbox 1872 3294 2016 3381; x_wconf 88' lang='lat' dir='ltr'><strong>ipse</strong></span> <span class='ocrx_word' id='word_1_156' title='bbox 2048 3314 2168 3382; x_wconf 89' lang='lat' dir='ltr'><strong>per</strong></span> <span class='ocrx_word' id='word_1_157' title='bbox 2202 3314 2275 3362; x_wconf 90' lang='lat' dir='ltr'><strong>se</strong></span> <span class='ocrx_word' id='word_1_158' title='bbox 2309 3302 2375 3362; x_wconf 91' lang='lat' dir='ltr'><strong>et</strong></span> <span class='ocrx_word' id='word_1_159' title='bbox 2409 3313 2584 3382; x_wconf 71' lang='lat' dir='ltr'><strong>suoe,</strong></span> <span class='ocrx_word' id='word_1_160' title='bbox 2620 3314 2701 3361; x_wconf 84' lang='lat' dir='ltr'><strong>ao</strong></span> <span class='ocrx_word' id='word_1_161' title='bbox 2744 3316 2863 3381; x_wconf 88' lang='lat' dir='ltr'><strong>per</strong></span> <span class='ocrx_word' id='word_1_162' title='bbox 2891 3300 3020 3366; x_wconf 88' lang='lat' dir='ltr'><strong>ho·</strong></span> 
     </span>
     <span class='ocr_line' id='line_1_23' title="bbox 783 3402 3023 3489; baseline 0.001 -18"><span class='ocrx_word' id='word_1_163' title='bbox 783 3404 990 3472; x_wconf 84' lang='lat' dir='ltr'><strong>mines</strong></span> <span class='ocrx_word' id='word_1_164' title='bbox 1023 3404 1279 3472; x_wconf 82' lang='lat' dir='ltr'><strong>Almisii</strong></span> <span class='ocrx_word' id='word_1_165' title='bbox 1314 3424 1440 3471; x_wconf 90' lang='lat' dir='ltr'><strong>non</strong></span> <span class='ocrx_word' id='word_1_166' title='bbox 1475 3402 1762 3471; x_wconf 83' lang='lat' dir='ltr'><strong>offendet</strong></span> <span class='ocrx_word' id='word_1_167' title='bbox 1794 3423 1917 3472; x_wconf 73' lang='lat' dir='ltr'><strong>nee</strong></span> <span class='ocrx_word' id='word_1_168' title='bbox 1948 3402 2194 3472; x_wconf 87' lang='lat' dir='ltr'><strong>offendi</strong></span> <span class='ocrx_word' id='word_1_169' title='bbox 2224 3404 2425 3472; x_wconf 83' lang='lat' dir='ltr'><strong>faeiet</strong></span> <span class='ocrx_word' id='word_1_170' title='bbox 2457 3403 2564 3470; x_wconf 89' lang='lat' dir='ltr'><strong>vel</strong></span> <span class='ocrx_word' id='word_1_171' title='bbox 2596 3406 2928 3489; x_wconf 85' lang='lat' dir='ltr'><strong>permittet</strong></span> <span class='ocrx_word' id='word_1_172' title='bbox 2956 3408 3023 3473; x_wconf 90' lang='lat' dir='ltr'><strong>in</strong></span> 
     </span>
     <span class='ocr_line' id='line_1_24' title="bbox 783 3511 3025 3600; baseline 0.001 -21"><span class='ocrx_word' id='word_1_173' title='bbox 783 3513 1079 3600; x_wconf 89' lang='lat' dir='ltr'><strong>personis</strong></span> <span class='ocrx_word' id='word_1_174' title='bbox 1109 3515 1212 3581; x_wconf 85' lang='lat' dir='ltr'><strong>vel</strong></span> <span class='ocrx_word' id='word_1_175' title='bbox 1244 3516 1443 3583; x_wconf 91' lang='lat' dir='ltr'><strong>rebus</strong></span> <span class='ocrx_word' id='word_1_176' title='bbox 1479 3511 1830 3580; x_wconf 84' lang='lat' dir='ltr'><strong>Commune</strong></span> <span class='ocrx_word' id='word_1_177' title='bbox 1862 3521 1927 3581; x_wconf 89' lang='lat' dir='ltr'><strong>et</strong></span> <span class='ocrx_word' id='word_1_178' title='bbox 1957 3511 2254 3580; x_wconf 87' lang='lat' dir='ltr'><strong>homines</strong></span> <span class='ocrx_word' id='word_1_179' title='bbox 2292 3514 2744 3600; x_wconf 82' lang='lat' dir='ltr'><strong>Veneoiarum,</strong></span> <span class='ocrx_word' id='word_1_180' title='bbox 2779 3513 3025 3582; x_wconf 83' lang='lat' dir='ltr'><strong>habita-</strong></span> 
     </span>
     <span class='ocr_line' id='line_1_25' title="bbox 787 3620 3023 3706; baseline -0 -14"><span class='ocrx_word' id='word_1_181' title='bbox 787 3631 983 3706; x_wconf 85' lang='lat' dir='ltr'><strong>tores,</strong></span> <span class='ocrx_word' id='word_1_182' title='bbox 1018 3621 1265 3703; x_wconf 89' lang='lat' dir='ltr'><strong>fideles,</strong></span> <span class='ocrx_word' id='word_1_183' title='bbox 1290 3622 1736 3691; x_wconf 81' lang='lat' dir='ltr'><strong>distriotuales</strong></span> <span class='ocrx_word' id='word_1_184' title='bbox 1769 3641 1885 3689; x_wconf 84' lang='lat' dir='ltr'><strong>seu</strong></span> <span class='ocrx_word' id='word_1_185' title='bbox 1924 3621 2222 3691; x_wconf 87' lang='lat' dir='ltr'><strong>subditos</strong></span> <span class='ocrx_word' id='word_1_186' title='bbox 2256 3622 2416 3690; x_wconf 86' lang='lat' dir='ltr'><strong>dieti</strong></span> <span class='ocrx_word' id='word_1_187' title='bbox 2447 3620 2691 3689; x_wconf 90' lang='lat' dir='ltr'><strong>domini</strong></span> <span class='ocrx_word' id='word_1_188' title='bbox 2723 3620 2927 3691; x_wconf 80' lang='lat' dir='ltr'><strong>Ducis</strong></span> <span class='ocrx_word' id='word_1_189' title='bbox 2959 3632 3023 3693; x_wconf 90' lang='lat' dir='ltr'><strong>et</strong></span> 
     </span>
     <span class='ocr_line' id='line_1_26' title="bbox 785 3731 3020 3817; baseline -0.002 -17"><span class='ocrx_word' id='word_1_190' title='bbox 785 3732 1157 3800; x_wconf 82' lang='lat' dir='ltr'><strong>Communis</strong></span> <span class='ocrx_word' id='word_1_191' title='bbox 1191 3732 1627 3801; x_wconf 84' lang='lat' dir='ltr'><strong>Veneeiarum</strong></span> <span class='ocrx_word' id='word_1_192' title='bbox 1668 3737 1804 3797; x_wconf 81' lang='lat' dir='ltr'><strong>tam</strong></span> <span class='ocrx_word' id='word_1_193' title='bbox 1835 3732 1905 3798; x_wconf 92' lang='lat' dir='ltr'><strong>in</strong></span> <span class='ocrx_word' id='word_1_194' title='bbox 1935 3732 2138 3817; x_wconf 84' lang='lat' dir='ltr'><strong>mari,</strong></span> <span class='ocrx_word' id='word_1_195' title='bbox 2192 3751 2383 3817; x_wconf 83' lang='lat' dir='ltr'><strong>quam</strong></span> <span class='ocrx_word' id='word_1_196' title='bbox 2421 3731 2486 3797; x_wconf 91' lang='lat' dir='ltr'><strong>in</strong></span> <span class='ocrx_word' id='word_1_197' title='bbox 2527 3737 2723 3816; x_wconf 83' lang='lat' dir='ltr'><strong>terra,</strong></span> <span class='ocrx_word' id='word_1_198' title='bbox 2754 3751 2876 3800; x_wconf 84' lang='lat' dir='ltr'><strong>nee</strong></span> <span class='ocrx_word' id='word_1_199' title='bbox 2906 3732 3020 3801; x_wconf 85' lang='lat' dir='ltr'><strong>ali-</strong></span> 
     </span>
     <span class='ocr_line' id='line_1_27' title="bbox 783 3839 3022 3926; baseline 0.001 -22"><span class='ocrx_word' id='word_1_200' title='bbox 783 3860 981 3926; x_wconf 83' lang='lat' dir='ltr'><strong>quam</strong></span> <span class='ocrx_word' id='word_1_201' title='bbox 1014 3848 1253 3909; x_wconf 82' lang='lat' dir='ltr'><strong>terram</strong></span> <span class='ocrx_word' id='word_1_202' title='bbox 1290 3861 1407 3909; x_wconf 85' lang='lat' dir='ltr'><strong>seu</strong></span> <span class='ocrx_word' id='word_1_203' title='bbox 1446 3839 1659 3907; x_wconf 82' lang='lat' dir='ltr'><strong>locum</strong></span> <span class='ocrx_word' id='word_1_204' title='bbox 1694 3839 2090 3907; x_wconf 84' lang='lat' dir='ltr'><strong>existentem</strong></span> <span class='ocrx_word' id='word_1_205' title='bbox 2142 3839 2262 3907; x_wconf 91' lang='lat' dir='ltr'><strong>sub</strong></span> <span class='ocrx_word' id='word_1_206' title='bbox 2296 3839 2583 3908; x_wconf 92' lang='lat' dir='ltr'><strong>dominio</strong></span> <span class='ocrx_word' id='word_1_207' title='bbox 2618 3839 2863 3908; x_wconf 88' lang='lat' dir='ltr'><strong>domini</strong></span> <span class='ocrx_word' id='word_1_208' title='bbox 2892 3841 3022 3907; x_wconf 90' lang='lat' dir='ltr'><strong>Du-</strong></span> 
     </span>
     <span class='ocr_line' id='line_1_28' title="bbox 785 3947 3022 4036; baseline 0.001 -21"><span class='ocrx_word' id='word_1_209' title='bbox 785 3950 881 4019; x_wconf 85' lang='lat' dir='ltr'><strong>eis</strong></span> <span class='ocrx_word' id='word_1_210' title='bbox 912 3948 1191 4035; x_wconf 79' lang='lat' dir='ltr'><strong>predicti</strong></span> <span class='ocrx_word' id='word_1_211' title='bbox 1216 3972 1232 4034; x_wconf 93' lang='lat'>;</span> <span class='ocrx_word' id='word_1_212' title='bbox 1267 3949 1387 4017; x_wconf 87' lang='lat' dir='ltr'><strong>sed</strong></span> <span class='ocrx_word' id='word_1_213' title='bbox 1410 3969 1524 4020; x_wconf 90' lang='lat' dir='ltr'><strong>eos</strong></span> <span class='ocrx_word' id='word_1_214' title='bbox 1556 3969 1780 4017; x_wconf 90' lang='lat' dir='ltr'><strong>omnes</strong></span> <span class='ocrx_word' id='word_1_215' title='bbox 1804 3956 1869 4017; x_wconf 90' lang='lat' dir='ltr'><strong>et</strong></span> <span class='ocrx_word' id='word_1_216' title='bbox 1901 3950 2196 4036; x_wconf 84' lang='lat' dir='ltr'><strong>singulos</strong></span> <span class='ocrx_word' id='word_1_217' title='bbox 2230 3967 2451 4015; x_wconf 89' lang='lat' dir='ltr'><strong>eorum</strong></span> <span class='ocrx_word' id='word_1_218' title='bbox 2480 3947 2753 4016; x_wconf 87' lang='lat' dir='ltr'><strong>habebit</strong></span> <span class='ocrx_word' id='word_1_219' title='bbox 2783 3949 3022 4034; x_wconf 68' lang='lat' dir='ltr'><strong>salma,</strong></span> 
     </span>
     <span class='ocr_line' id='line_1_29' title="bbox 782 4058 3023 4146; baseline 0 -19"><span class='ocrx_word' id='word_1_220' title='bbox 782 4068 845 4127; x_wconf 86' lang='lat' dir='ltr'><strong>et</strong></span> <span class='ocrx_word' id='word_1_221' title='bbox 897 4077 1161 4127; x_wconf 79' lang='lat' dir='ltr'><strong>securos</strong></span> <span class='ocrx_word' id='word_1_222' title='bbox 1211 4060 1472 4142; x_wconf 88' lang='lat' dir='ltr'><strong>ubique.</strong></span> <span class='ocrx_word' id='word_1_223' title='bbox 1523 4060 1689 4125; x_wconf 90' lang='lat' dir='ltr'><strong>Item</strong></span> <span class='ocrx_word' id='word_1_224' title='bbox 1739 4059 1963 4127; x_wconf 87' lang='lat' dir='ltr'><strong>eodem</strong></span> <span class='ocrx_word' id='word_1_225' title='bbox 2009 4058 2198 4126; x_wconf 89' lang='lat' dir='ltr'><strong>modo</strong></span> <span class='ocrx_word' id='word_1_226' title='bbox 2234 4058 2549 4145; x_wconf 82' lang='lat' dir='ltr'><strong>promisit,</strong></span> <span class='ocrx_word' id='word_1_227' title='bbox 2586 4059 2760 4143; x_wconf 88' lang='lat' dir='ltr'><strong>quod</strong></span> <span class='ocrx_word' id='word_1_228' title='bbox 2790 4060 2848 4127; x_wconf 89' lang='lat' dir='ltr'><strong>si</strong></span> <span class='ocrx_word' id='word_1_229' title='bbox 2879 4060 3023 4146; x_wconf 80' lang='lat' dir='ltr'><strong>ipse</strong></span> 
     </span>
     <span class='ocr_line' id='line_1_30' title="bbox 782 4167 3023 4255; baseline 0 -23"><span class='ocrx_word' id='word_1_230' title='bbox 782 4173 913 4236; x_wconf 82' lang='lat' dir='ltr'><strong>tam</strong></span> <span class='ocrx_word' id='word_1_231' title='bbox 949 4187 1069 4254; x_wconf 89' lang='lat' dir='ltr'><strong>per</strong></span> <span class='ocrx_word' id='word_1_232' title='bbox 1102 4187 1214 4252; x_wconf 86' lang='lat' dir='ltr'><strong>se,</strong></span> <span class='ocrx_word' id='word_1_233' title='bbox 1267 4174 1331 4236; x_wconf 89' lang='lat' dir='ltr'><strong>et</strong></span> <span class='ocrx_word' id='word_1_234' title='bbox 1363 4186 1550 4253; x_wconf 73' lang='lat' dir='ltr'><strong>sune,</strong></span> <span class='ocrx_word' id='word_1_235' title='bbox 1584 4187 1737 4250; x_wconf 83' lang='lat' dir='ltr'><strong>qam</strong></span> <span class='ocrx_word' id='word_1_236' title='bbox 1783 4187 1899 4254; x_wconf 88' lang='lat' dir='ltr'><strong>per</strong></span> <span class='ocrx_word' id='word_1_237' title='bbox 1948 4168 2248 4237; x_wconf 86' lang='lat' dir='ltr'><strong>homines</strong></span> <span class='ocrx_word' id='word_1_238' title='bbox 2301 4167 2555 4235; x_wconf 90' lang='lat' dir='ltr'><strong>Almisii</strong></span> <span class='ocrx_word' id='word_1_239' title='bbox 2608 4171 3023 4255; x_wconf 83' lang='lat' dir='ltr'><strong>aeeeptasset</strong></span> 
     </span>
     <span class='ocr_line' id='line_1_31' title="bbox 780 4273 3019 4364; baseline -0.001 -19"><span class='ocrx_word' id='word_1_240' title='bbox 780 4277 1032 4364; x_wconf 83' lang='lat' dir='ltr'><strong>aliquid</strong></span> <span class='ocrx_word' id='word_1_241' title='bbox 1053 4283 1284 4347; x_wconf 84' lang='lat' dir='ltr'><strong>eontra</strong></span> <span class='ocrx_word' id='word_1_242' title='bbox 1301 4278 1618 4346; x_wconf 86' lang='lat' dir='ltr'><strong>honorem</strong></span> <span class='ocrx_word' id='word_1_243' title='bbox 1651 4276 1812 4346; x_wconf 85' lang='lat' dir='ltr'><strong>dieti</strong></span> <span class='ocrx_word' id='word_1_244' title='bbox 1833 4275 2078 4345; x_wconf 90' lang='lat' dir='ltr'><strong>domini</strong></span> <span class='ocrx_word' id='word_1_245' title='bbox 2101 4286 2168 4346; x_wconf 89' lang='lat' dir='ltr'><strong>et</strong></span> <span class='ocrx_word' id='word_1_246' title='bbox 2188 4277 2565 4346; x_wconf 81' lang='lat' dir='ltr'><strong>Communis</strong></span> <span class='ocrx_word' id='word_1_247' title='bbox 2591 4273 3019 4345; x_wconf 84' lang='lat' dir='ltr'><strong>Veneoiarum</strong></span> 
     </span>
     <span class='ocr_line' id='line_1_32' title="bbox 784 4385 3023 4471; baseline 0 -19"><span class='ocrx_word' id='word_1_248' title='bbox 784 4387 866 4455; x_wconf 88' lang='lat' dir='ltr'><strong>de</strong></span> <span class='ocrx_word' id='word_1_249' title='bbox 898 4393 1074 4456; x_wconf 84' lang='lat' dir='ltr'><strong>terra</strong></span> <span class='ocrx_word' id='word_1_250' title='bbox 1103 4390 1306 4455; x_wconf 81' lang='lat' dir='ltr'><strong>Fan-e</strong></span> <span class='ocrx_word' id='word_1_251' title='bbox 1341 4394 1405 4454; x_wconf 91' lang='lat' dir='ltr'><strong>et</strong></span> <span class='ocrx_word' id='word_1_252' title='bbox 1432 4386 1661 4469; x_wconf 84' lang='lat' dir='ltr'><strong>Braze‚</strong></span> <span class='ocrx_word' id='word_1_253' title='bbox 1696 4386 1803 4452; x_wconf 82' lang='lat' dir='ltr'><strong>vel</strong></span> <span class='ocrx_word' id='word_1_254' title='bbox 1836 4385 1920 4453; x_wconf 88' lang='lat' dir='ltr'><strong>de</strong></span> <span class='ocrx_word' id='word_1_255' title='bbox 1952 4386 2177 4471; x_wconf 83' lang='lat' dir='ltr'><strong>aliqua</strong></span> <span class='ocrx_word' id='word_1_256' title='bbox 2210 4395 2385 4454; x_wconf 83' lang='lat' dir='ltr'><strong>terra</strong></span> <span class='ocrx_word' id='word_1_257' title='bbox 2418 4387 2526 4453; x_wconf 76' lang='lat' dir='ltr'><strong>vel</strong></span> <span class='ocrx_word' id='word_1_258' title='bbox 2561 4387 2707 4455; x_wconf 86' lang='lat' dir='ltr'><strong>loeo</strong></span> <span class='ocrx_word' id='word_1_259' title='bbox 2738 4386 3023 4454; x_wconf 86' lang='lat' dir='ltr'><strong>habente</strong></span> 
     </span>
     <span class='ocr_line' id='line_1_33' title="bbox 781 4493 3022 4582; baseline -0.001 -17"><span class='ocrx_word' id='word_1_260' title='bbox 781 4497 1127 4566; x_wconf 77' lang='lat' dir='ltr'><strong>Rectorem</strong></span> <span class='ocrx_word' id='word_1_261' title='bbox 1155 4516 1272 4582; x_wconf 91' lang='lat' dir='ltr'><strong>pro</strong></span> <span class='ocrx_word' id='word_1_262' title='bbox 1305 4493 1477 4563; x_wconf 87' lang='lat' dir='ltr'><strong>dioto</strong></span> <span class='ocrx_word' id='word_1_263' title='bbox 1529 4493 1794 4562; x_wconf 90' lang='lat' dir='ltr'><strong>domino</strong></span> <span class='ocrx_word' id='word_1_264' title='bbox 1824 4494 2012 4564; x_wconf 86' lang='lat' dir='ltr'><strong>Duee</strong></span> <span class='ocrx_word' id='word_1_265' title='bbox 2033 4547 2050 4579; x_wconf 90' lang='lat'><em>,</em></span> <span class='ocrx_word' id='word_1_266' title='bbox 2085 4495 2154 4564; x_wconf 91' lang='lat' dir='ltr'><strong>in</strong></span> <span class='ocrx_word' id='word_1_267' title='bbox 2187 4495 2379 4564; x_wconf 84' lang='lat' dir='ltr'><strong>terris</strong></span> <span class='ocrx_word' id='word_1_268' title='bbox 2410 4495 2546 4562; x_wconf 88' lang='lat' dir='ltr'><strong>suis</strong></span> <span class='ocrx_word' id='word_1_269' title='bbox 2579 4496 2686 4562; x_wconf 86' lang='lat' dir='ltr'><strong>vel</strong></span> <span class='ocrx_word' id='word_1_270' title='bbox 2717 4495 2844 4564; x_wconf 89' lang='lat' dir='ltr'><strong>sibi</strong></span> <span class='ocrx_word' id='word_1_271' title='bbox 2875 4496 3022 4562; x_wconf 87' lang='lat' dir='ltr'><strong>sub-</strong></span> 
     </span>
     <span class='ocr_line' id='line_1_34' title="bbox 771 4601 3022 4692; baseline 0 -21"><span class='ocrx_word' id='word_1_272' title='bbox 771 4606 993 4691; x_wconf 77' lang='lat' dir='ltr'><strong>jectis,</strong></span> <span class='ocrx_word' id='word_1_273' title='bbox 1019 4602 1381 4673; x_wconf 86' lang='lat' dir='ltr'><strong>removebit</strong></span> <span class='ocrx_word' id='word_1_274' title='bbox 1410 4619 1482 4668; x_wconf 87' lang='lat' dir='ltr'><strong>se</strong></span> <span class='ocrx_word' id='word_1_275' title='bbox 1515 4602 1599 4670; x_wconf 86' lang='lat' dir='ltr'><strong>de</strong></span> <span class='ocrx_word' id='word_1_276' title='bbox 1619 4601 1997 4688; x_wconf 84' lang='lat' dir='ltr'><strong>hujusmodi</strong></span> <span class='ocrx_word' id='word_1_277' title='bbox 2029 4609 2557 4692; x_wconf 75' lang='lat' dir='ltr'><strong>acceptamento,</strong></span> <span class='ocrx_word' id='word_1_278' title='bbox 2590 4609 2659 4670; x_wconf 89' lang='lat' dir='ltr'><strong>et</strong></span> <span class='ocrx_word' id='word_1_279' title='bbox 2690 4604 2773 4671; x_wconf 88' lang='lat' dir='ltr'><strong>de</strong></span> <span class='ocrx_word' id='word_1_280' title='bbox 2806 4609 3022 4673; x_wconf 86' lang='lat' dir='ltr'><strong>oetero</strong></span> 
     </span>
     <span class='ocr_line' id='line_1_35' title="bbox 784 4713 3023 4800; baseline -0 -15"><span class='ocrx_word' id='word_1_281' title='bbox 784 4720 1011 4785; x_wconf 79' lang='lat' dir='ltr'><strong>eontra</strong></span> <span class='ocrx_word' id='word_1_282' title='bbox 1041 4714 1350 4783; x_wconf 89' lang='lat' dir='ltr'><strong>honorem</strong></span> <span class='ocrx_word' id='word_1_283' title='bbox 1377 4715 1522 4800; x_wconf 86' lang='lat' dir='ltr'><strong>ejus</strong></span> <span class='ocrx_word' id='word_1_284' title='bbox 1547 4732 1677 4780; x_wconf 91' lang='lat' dir='ltr'><strong>non</strong></span> <span class='ocrx_word' id='word_1_285' title='bbox 1712 4713 2089 4799; x_wconf 77' lang='lat' dir='ltr'><strong>acceptabit</strong></span> <span class='ocrx_word' id='word_1_286' title='bbox 2122 4714 2404 4799; x_wconf 79' lang='lat' dir='ltr'><strong>amplius</strong></span> <span class='ocrx_word' id='word_1_287' title='bbox 2426 4715 2510 4782; x_wconf 88' lang='lat' dir='ltr'><strong>de</strong></span> <span class='ocrx_word' id='word_1_288' title='bbox 2543 4713 2733 4782; x_wconf 86' lang='lat' dir='ltr'><strong>terris</strong></span> <span class='ocrx_word' id='word_1_289' title='bbox 2767 4722 2834 4782; x_wconf 87' lang='lat' dir='ltr'><strong>et</strong></span> <span class='ocrx_word' id='word_1_290' title='bbox 2860 4714 3023 4784; x_wconf 72' lang='lat' dir='ltr'><strong>loeis</strong></span> 
     </span>
    </p>
   </div>
  </div>
 </body>
</html>
