3416 5313
1841 401 1972 468 268

1816 1069 1967 1136 173.

775 1262 904 1326 III.
941 1263 1155 1326 Eudre
1187 1263 1399 1350 kira'ly
1429 1268 1780 1352 mcqerb'sz'ti
1828 1290 1983 1332 azon
2018 1259 2389 1349 szersc'ide'st,
2440 1265 2598 1351 moly
2630 1265 2797 1328 ciltal
2842 1264 2997 1328 Wcir

770 1370 885 1433 dai
917 1370 1105 1435 Pe'tcr
1134 1371 1324 1436 Buzd
1371 1373 1677 1460 helyse'qe't
1725 1377 1942 1441 Vi-nczi
1990 1376 2413 1440 Her-bordnak
2465 1373 2698 1438 eladta.
2752 1372 3019 1435 1290—-

1691 1484 1867 1550 1300
1897 1483 2099 1547 kb‘rz'll.

985 1677 1289 1746 Andreas
1325 1680 1451 1747 Dei
1491 1680 1723 1765 gracia
1762 1680 2121 1771 Hungarie,
2168 1679 2528 1763 Dalmacie‚
2568 1671 2868 1759 Croacie,
2902 1678 3026 1742 Ra-

773 1806 899 1869 me,
934 1787 1228 1868 Gallicie,
1254 1786 1659 1872 Lodomerie,
1693 1789 2027 1874 Comanie,
2061 1788 2501 1875 Bulgarieque
2532 1790 2694 1869 Rex,
2719 1786 3025 1854 omnibus

772 1897 1011 1963 Christi
1049 1895 1345 1963 fidelibus
1386 1915 1657 1980 presens
1704 1901 2017 1983 scriptum
2069 1897 2464 1981 inspecturis
2499 1898 2779 1964 salutem
2813 1896 2885 1963 in
2920 1915 3026 1960 sa·

770 2004 923 2070 lutis
956 2003 1293 2088 largitore.
1345 2003 1449 2083 Ad
1483 2004 1927 2074 vniuersorum
1980 2005 2292 2072 noticiam
2330 2012 2562 2070 tenore
2614 2005 3030 2090 presencium

767 2112 998 2177 harum
1032 2110 1202 2177 serie
1254 2112 1553 2178 volumus
1587 2114 1933 2196 peruenire
1955 2162 1974 2196 ‚
2028 2112 2196 2195 quod
2233 2113 2558 2179 accedens
2607 2112 2694 2175 ad
2727 2119 3026 2179 nostram

769 2219 1181 2304 presenciam
1208 2219 1589 2298 Herbordus
1622 2220 1798 2287 filius
1817 2221 2099 2306 Heneng
2122 2222 2205 2288 de
2237 2220 2470 2304 Vinch‚
2506 2220 2803 2287 exhibuit
2829 2221 3024 2287 nobis

764 2327 1180 2413 priuilegium
1230 2324 1521 2410 Capituli
1570 2328 1874 2395 Ecclesie
1907 2325 2116 2393 Beati
2149 2328 2496 2396 Michaelis
2537 2327 3023 2396 Transsiluane

766 2453 961 2520 super
994 2433 1170 2500 facto
1222 2433 1581 2518 empcionis
1636 2435 1977 2503 cuiusdam
2023 2434 2466 2522 possessionis
2521 2453 2639 2502 sue
2670 2436 2852 2502 Buzd
2903 2455 3027 2504 uo-

768 2544 918 2605 cate
969 2558 1088 2622 per
1118 2537 1396 2605 Tomam
1444 2538 1646 2608 filium
1680 2540 1855 2607 Petri
1907 2542 1990 2607 de
2028 2545 2277 2625 Warga
2328 2542 2458 2610 sibi
2508 2543 2747 2610 tradite
2799 2545 3022 2611 confe-

766 2653 977 2731 ctum;
1032 2653 1266 2732 petens
1299 2668 1341 2713 a
1373 2648 1565 2717 nobis
1621 2670 1763 2716 cum
1798 2650 2162 2732 instancia,
2213 2659 2282 2718 ut
2331 2648 2557 2736 ipsum'
2598 2651 3021 2738 priuilegium

763 2760 978 2822 ratum
1030 2755 1274 2823 habere
1325 2764 1388 2823 et
1439 2763 1664 2826 nostro
1736 2757 2158 2845 dignaremur
2208 2761 2558 2846 privilegio
2611 2761 3023 2827 confirmare.

767 2899 847 2909 —-·
885 2899 970 2909 -—
1007 2900 1090 2910 -—-
1123 2863 1320 2931 Cuius
1354 2864 1618 2946 quidem
1652 2863 1982 2951 priuilegij
2020 2873 2210 2935 tenor
2240 2866 2394 2935 talis
2430 2874 2533 2934 est
2568 2894 2584 2934 ε

972 2970 1343 3056 Capitulum
1391 2973 1691 3041 Ecclesie
1722 2976 1797 3041 B.
1832 2974 2176 3042 Michaelis
2217 2976 2346 3043 stb.
2410 2979 2777 3053 (kovetkezik
2812 3000 2881 3039 az
2914 2999 3020 3039 wer-

760 3087 914 3160 delyi
945 3087 1220 3159 kaptalan
1250 3085 1616 3160 bizonysaga„
1650 3089 1793 3143 mint
1824 3089 1994 3145 alabb
2049 3090 2195 3145 175.
2232 3109 2308 3145 sz.
2343 3088 2418 3162 a.)

972 3190 1108 3255 Nos
1139 3187 1311 3271 gitur
1341 3187 1534 3253 iustis
1568 3187 2006 3273 peticionibus
2044 3189 2254 3275 ipsius
2290 3190 2617 3260 Herbordi
2664 3190 3007 3259 fauorabi-

759 3297 888 3363 lem
908 3313 1295 3363 consensum
1318 3293 1728 3383 adhibentes,
1749 3296 2117 3381 predictum
2140 3299 2558 3385 priuilegium
2580 3296 2873 3384 Capituli
2896 3301 3019 3369 Ec·

760 3400 963 3468 clesie
994 3403 1469 3472 Transsiluane
1490 3421 1618 3468 non
1651 3405 2112 3491 cancellatum,
2146 3426 2277 3473 non
2298 3407 2635 3491 abrasum,
2670 3427 2794 3474 nec
2821 3446 2905 3456 —
2930 3446 3019 3455 —-

763 3546 847 3558 —-
882 3509 1297 3594 presentibus
1330 3510 1532 3576 inseri
1555 3509 1861 3578 faciendo
1914 3512 2281 3594 patrocinio
2304 3504 2630 3597 presentis
2649 3512 2859 3583 nostri
2893 3515 3022 3602 pri-

761 3618 986 3704 uilegii
1018 3617 1318 3683 duximus
1370 3616 1896 3685 confirmandum.
1952 3619 2023 3685 In
2057 3619 2240 3685 cuius
2274 3621 2370 3688 rei
2422 3623 2809 3690 memoriam
2862 3643 3016 3708 per-

763 3731 1159 3809 petuamque
1193 3724 1266 3789 fir
1291 3759 1373 3771 —-
1400 3761 1488 3773 —-
1515 3762 1592 3773 -—-
1615 3765 1702 3775 —
1724 3725 1993 3793 discreti
2027 3727 2151 3793 uiri
2200 3730 2502 3814 magistri
2538 3729 2874 3800 Theodori
2898 3731 3009 3799 Al-

763 3832 985 3898 bensis
1020 3833 1317 3901 Ecclesie
1338 3813 1666 3916 Propositi
1700 3833 1851 3901 aule
1884 3839 2105 3902 nostre
2141 3836 2756 3924 vice-Cancellarii‚
2791 3837 3020 3907 dilecti

765 3943 832 4001 et
862 3935 1071 4004 fidelis
1106 3975 1192 3988 -
1232 3979 1306 3988 ——
1347 3974 1434 3987 —-·
1474 3978 1555 3987 —

762 4127 1042 4200 (Teutsch
1079 4129 1140 4186 es
1183 4131 1509 4190 Firnhaber
1552 4128 1930 4190 Urkundenb.
1974 4152 2025 4191 z.
2065 4134 2278 4194 Gesch.
2325 4136 2594 4197 Siebenb.
2634 4140 2678 4199 Ι.
2704 4141 2764 4197 k.
2793 4139 3015 4213 223.1.)

1615 4439 2114 4450 -Ἦ
