3416 5313
1852 376 1988 449 260

803 578 1278 667 appellacionis
1309 578 1683 648 huiusmodi
1716 580 2088 667 terminum,
2141 588 2396 666 tempus
2443 600 2484 648 a
2533 579 2686 665 lege
2736 575 3073 647 indultum

794 673 1385 774 pono,'Ecclesiam
1419 687 1966 757 Transsiluanam
2019 706 2163 754 cum
2196 687 2334 754 suis
2368 686 2619 757 iuribus
2657 689 2726 753 in
2762 694 2953 774 parte
2985 694 3067 753 et

792 797 860 861 in
893 803 1026 861 toto
1076 796 1478 880 proteccioni
1529 794 1821 864 eiusdem
1871 795 2064 863 Sedis
2097 797 2397 883 subiicio,
2452 803 2518 863 et
2552 817 2635 864 ne
2685 795 2942 879 aliquid
2979 797 3064 861 in

797 904 1227 991 preiudicium
1261 886 1563 973 Ecclesie
1594 905 2074 975 Transsiluane
2126 910 2585 993 attemptetur,
2620 904 2891 992 appello
2913 958 2930 990 ,
2985 911 3063 969 et

794 1012 1020 1079 iterum
1055 1012 1362 1099 appello;
1399 1016 1761 1101 Apostolos
1799 1021 1952 1101 peto
1978 1069 1995 1100 ‚
2031 1014 2374 1102 instanter,
2410 1014 2804 1097 instantius,
2849 1018 2917 1081 et
2948 1012 3051 1077 in-

795 1119 1203 1186 stantissime
1237 1127 1392 1206 peto
1414 1172 1434 1206 ,
1486 1130 1553 1189 et
1585 1123 1646 1190 si
1678 1143 1796 1208 per
1828 1143 1973 1192 eum
2010 1123 2425 1209 denegantur
2448 1175 2467 1208 ,
2521 1142 2639 1207 per
2672 1142 2866 1207 quem
2900 1119 3057 1186 dari

795 1227 1132 1311 debentur,
1166 1231 1401 1297 saltem
1435 1230 1571 1315 illi,
1607 1233 1724 1314 qui
1758 1251 1951 1300 aures
1985 1230 2293 1300 audiendi
2327 1231 2612 1312 habent,
2649 1230 2949 1314 audiant,
2985 1235 3062 1294 et

795 1334 1029 1419 spiritu
1076 1334 1254 1403 fideli
1317 1339 1771 1425 perscribant,
1839 1348 1904 1407 et
1964 1341 2032 1407 in
2085 1338 2351 1425 scriptis
2415 1342 2715 1407 Romane
2780 1336 3062 1406 tradant

687 1519 694 1520 f
796 1444 1117 1513 Ecclesie.

1009 1555 1085 1618 In
1116 1553 1299 1621 cuius
1329 1553 1425 1620 rei
1457 1554 1901 1623 testimonium
1936 1560 2272 1640 presentes
2307 1561 2567 1623 nostras
2597 1552 3056 1622 concessimus

796 1661 1094 1746 litteras,
1147 1661 1406 1746 sigillo,
1459 1680 1584 1743 quo
1619 1663 1998 1731 conuentus
2029 1663 2269 1747 vtitur,
2314 1663 2757 1747 consignatas.
2818 1664 3056 1729 Actum

794 1769 963 1835 Albe
995 1771 1059 1835 in
1093 1770 1369 1837 termino
1404 1770 1798 1854 supradicto,
1833 1789 2003 1842 anno
2037 1770 2304 1836 Domini
2335 1770 2436 1837 M⁰
2468 1769 2685 1836 000⁰.

1227 1961 1507 2036 (Teutsch
1535 1963 1598 2022 es
1625 1965 1952 2022 Firnhaber
1977 1966 2048 2021 id.
2080 1985 2148 2020 m.
2175 1965 2225 2020 2.
2255 1966 2377 2022 kot.
2404 1966 2525 2021 217.
2552 1963 2616 2036 1.)

1668 2237 2184 2247 ——-———--

1852 2776 2009 2843 168.

801 2974 987 3039 Pe'ter
1018 2975 1324 3040 bonzanoi
1372 2973 1515 3037 bio-6
1543 2974 1859 3039 Morosz‘ni
1888 2972 2167 3060 Mihdlyt
2183 2974 2426 3059 jadrae·
2468 2972 2687 3060 φόβοι
2737 2974 3054 3060 Mayyar-

1342 3084 1565 3166 orsqu
1596 3081 1910 3167 dolyairdl
1943 3081 2271 3167 tudositja.
2306 3084 2504 3147 1300.

1012 3278 1302 3362 Egregio
1325 3329 1344 3363 ,
1395 3277 1745 3365 Magnifice
1799 3299 1876 3345 ac
1929 3281 2181 3367 potenti
2234 3279 2376 3348 viro
2431 3280 2695 3350 domino
2737 3277 3055 3348 Michaeli
3117 3360 3124 3367 .

797 3387 1186 3453 Mauroceno
1219 3385 1458 3454 Comiti
1507 3385 1815 3456 Jadrensi
1865 3388 2099 3456 Petrus
2140 3389 2222 3456 de
2255 3389 2566 3456 Bonzano
2616 3388 2702 3454 de
2735 3386 3054 3453 Tarvisio

797 3514 870 3560 se
901 3494 1117 3579 ipsum
1152 3499 1217 3560 et
1246 3514 1598 3580 prosperos
1631 3495 1717 3560 ad
1739 3504 1896 3564 vota
1929 3514 2296 3564 successus.
2317 3496 2678 3583 Noveritis,
2713 3494 2885 3579 quod
2917 3514 3051 3580 ego

746 3636 751 3640 ·
795 3602 889 3668 sui
919 3603 1098 3687 apud
1131 3603 1460 3672 Illustrem
1496 3602 1823 3672 dominum
1858 3607 2097 3692 Regem
2131 3604 2428 3692 Ungarie
2452 3654 2469 3688 ‚
2522 3603 2632 3688 qui
2662 3627 2784 3674 sua
2815 3603 3054 3690 gracia

798 3728 901 3774 me
935 3710 1164 3778 libenti
1197 3711 1417 3780 animo
1450 3710 1640 3794 vidit,
1675 3711 1973 3778 et‘mittit
2003 3712 2351 3798 pecuniam
2382 3712 2466 3778 ad
2514 3710 2780 3778 Curiam
2814 3713 3053 3781 Archi·

797 3817 1220 3904 episcopatus
1255 3817 1733 3903 Strigoniensis
1766 3840 1883 3904 pro
1919 3818 2179 3887 domino
2227 3822 2429 3888 fratre
2460 3821 2765 3906 Antonio,
2799 3829 2865 3888 et
2896 3843 3052 3908 pro·

798 3926 997 3993 mittit
1026 3924 1223 4011 mihi,
1259 3927 1435 4010 quod
1471 3927 1536 3992 in
1571 3927 1742 3993 festo
1773 3927 1965 3992 Beati
1998 3927 2266 3995 Martini
2309 3927 2522 3996 mittet
2553 3933 2879 4010 quaterna
2908 3929 3056 3994 mil-

799 4033 893 4100 lia
924 4034 1234 4100 librarum
1289 4035 1711 4102 denariorum
1762 4056 1878 4122 pro
1932 4037 2111 4106 facto
2147 4037 2232 4104 de
2285 4035 2649 4119 Brondolo,
2707 4042 2772 4103 et
2823 4037 3049 4122 credo,

798 4142 974 4224 quod
1007 4140 1271 4211 omnino
1304 4143 1561 4228 mittet;
1615 4147 1681 4208 et
1714 4165 1836 4229 ego
1871 4144 2008 4211 dixi
2042 4143 2340 4233 pericula
2375 4153 2440 4211 et
2475 4143 2738 4232 damna,
2774 4163 2897 4229 que
2929 4144 3052 4213 do·

799 4249 974 4317 mino
1007 4250 1172 4316 Duci
1207 4250 1474 4317 evenire
1523 4255 1866 4336 poterant,
1919 4252 1977 4320 si
2014 4274 2144 4320 non
2179 4253 2464 4321 mitteret
2483 4291 2522 4338 s
2553 4249 2668 4340 ita,
2705 4252 2877 4334 quod
2910 4273 3051 4322 om-

797 4358 950 4426 nino
981 4358 1232 4442 mittet3
1284 4366 1351 4427 et
1385 4359 1444 4425 si
1495 4358 1740 4425 factum
1774 4360 2018 4427 domini
2069 4360 2297 4429 fratris
2348 4361 2622 4429 Antonii
2652 4380 2785 4427 non
2818 4368 3053 4447 posset

799 4465 1137 4555 expediri,
1192 4467 1502 4552 imposuit
1535 4468 1732 4552 mihi,
1785 4469 1963 4552 quod
2015 4468 2098 4536 de
2140 4469 2473 4554 denariis,
2529 4488 2693 4552 quos
2731 4469 2925 4537 mittit
2956 4469 3055 4536 ad

671 4638 680 4641 Α
797 4574 1095 4659 Curiam,
1147 4576 1401 4645 solvam
1453 4574 1666 4642 dictos
1718 4574 2049 4645 denarios.
2084 4576 2412 4645 Dominus
2449 4578 2593 4644 Rex
2643 4595 2845 4645 sanus
2880 4584 3049 4663 erat,

796 4691 863 4753 et
896 4684 1063 4752 bene
1095 4684 1354 4754 sciebat
1385 4686 1745 4754 adventum
1779 4685 2046 4772 nepotis
2078 4687 2274 4773 Regis
2305 4686 2546 4772 Caroli,
2581 4693 2648 4753 et
2678 4684 2763 4751 de
2791 4704 2874 4755 eo
2908 4707 3044 4757 non
