<?xml version="1.0" encoding="UTF-8"?>
<!DOCTYPE html PUBLIC "-//W3C//DTD XHTML 1.0 Transitional//EN"
    "http://www.w3.org/TR/xhtml1/DTD/xhtml1-transitional.dtd">
<html xmlns="http://www.w3.org/1999/xhtml" xml:lang="en" lang="en">
 <head>
  <title>
</title>
<meta http-equiv="Content-Type" content="text/html;charset=utf-8" />
  <meta name='ocr-system' content='tesseract 3.04.00' />
  <meta name='ocr-capabilities' content='ocr_page ocr_carea ocr_par ocr_line ocrx_word'/>
</head>
<body>
  <div class='ocr_page' id='page_1' title='image "./rpdkorijokmnytr01wenzgoog_0294.png"; bbox 0 0 3416 5313; ppageno 0'>
   <div class='ocr_carea' id='block_1_1' title="bbox 1870 416 2105 520">
    <p class='ocr_par' dir='ltr' id='par_1_1' title="bbox 1793 416 2105 521">
     <span class='ocr_line' id='line_1_1' title="bbox 1870 416 2105 520; baseline -0.003 0.753"><span class='ocrx_word' id='word_1_1' title='bbox 1870 416 2105 520; x_wconf 50' lang='lat'>222„</span> 
     </span>
    </p>
   </div>
   <div class='ocr_carea' id='block_1_2' title="bbox 886 1078 3014 1377">
    <p class='ocr_par' dir='ltr' id='par_1_2' title="bbox 886 1078 3014 1377">
     <span class='ocr_line' id='line_1_2' title="bbox 1869 1078 2029 1145; baseline 0.006 -1"><span class='ocrx_word' id='word_1_2' title='bbox 1869 1078 2029 1145; x_wconf 73' lang='lat'>169.</span> 
     </span>
     <span class='ocr_line' id='line_1_3' title="bbox 886 1243 3014 1377; baseline 0 -30"><span class='ocrx_word' id='word_1_3' title='bbox 886 1243 1304 1368; x_wconf 65' lang='lat' dir='ltr'>quanennek</span> <span class='ocrx_word' id='word_1_4' title='bbox 1336 1278 1690 1343; x_wconf 71' lang='lat' dir='ltr'>tuddsitdsa</span> <span class='ocrx_word' id='word_1_5' title='bbox 1723 1276 1851 1342; x_wconf 91' lang='grc' dir='ltr'><strong><em>ΙΙΙ.</em></strong></span> <span class='ocrx_word' id='word_1_6' title='bbox 1886 1277 2102 1342; x_wconf 80' lang='lat' dir='ltr'>Endre</span> <span class='ocrx_word' id='word_1_7' title='bbox 2132 1300 2399 1366; x_wconf 75' lang='lat' dir='ltr'>maqyar</span> <span class='ocrx_word' id='word_1_8' title='bbox 2427 1278 2782 1366; x_wconf 74' lang='lat' dir='ltr'>kirdlyhoz.</span> <span class='ocrx_word' id='word_1_9' title='bbox 2816 1282 3014 1377; x_wconf 66' lang='lat'><em>1300.</em></span> 
     </span>
    </p>
   </div>
   <div class='ocr_carea' id='block_1_3' title="bbox 813 1474 3077 1779">
    <p class='ocr_par' dir='ltr' id='par_1_3' title="bbox 813 1474 3077 1779">
     <span class='ocr_line' id='line_1_4' title="bbox 1027 1474 3060 1562; baseline 0 -17"><span class='ocrx_word' id='word_1_10' title='bbox 1027 1478 1273 1545; x_wconf 84' lang='lat' dir='ltr'>Illustri</span> <span class='ocrx_word' id='word_1_11' title='bbox 1303 1475 1567 1543; x_wconf 90' lang='lat' dir='ltr'>domino</span> <span class='ocrx_word' id='word_1_12' title='bbox 1602 1480 1667 1540; x_wconf 91' lang='lat' dir='ltr'>et</span> <span class='ocrx_word' id='word_1_13' title='bbox 1700 1475 1982 1542; x_wconf 84' lang='lat' dir='ltr'>Excelso</span> <span class='ocrx_word' id='word_1_14' title='bbox 2014 1474 2304 1562; x_wconf 90' lang='lat' dir='ltr'>Principi</span> <span class='ocrx_word' id='word_1_15' title='bbox 2336 1476 2600 1544; x_wconf 91' lang='lat' dir='ltr'>domino</span> <span class='ocrx_word' id='word_1_16' title='bbox 2632 1477 2898 1548; x_wconf 86' lang='lat' dir='ltr'>Andree</span> <span class='ocrx_word' id='word_1_17' title='bbox 2933 1480 3060 1545; x_wconf 89' lang='lat' dir='ltr'>Dei</span> 
     </span>
     <span class='ocr_line' id='line_1_5' title="bbox 815 1582 3077 1673; baseline 0.002 -22"><span class='ocrx_word' id='word_1_18' title='bbox 815 1584 1045 1673; x_wconf 82' lang='lat' dir='ltr'>gracia</span> <span class='ocrx_word' id='word_1_19' title='bbox 1075 1585 1242 1670; x_wconf 90' lang='lat' dir='ltr'>Regi</span> <span class='ocrx_word' id='word_1_20' title='bbox 1271 1582 1610 1668; x_wconf 88' lang='lat' dir='ltr'>Hungarie</span> <span class='ocrx_word' id='word_1_21' title='bbox 1632 1586 1867 1651; x_wconf 87' lang='lat' dir='ltr'>Petrus</span> <span class='ocrx_word' id='word_1_22' title='bbox 1902 1582 1986 1649; x_wconf 91' lang='lat' dir='ltr'>de</span> <span class='ocrx_word' id='word_1_23' title='bbox 2018 1585 2336 1651; x_wconf 86' lang='lat' dir='ltr'>Bonzano</span> <span class='ocrx_word' id='word_1_24' title='bbox 2371 1586 2454 1651; x_wconf 91' lang='lat' dir='ltr'>de</span> <span class='ocrx_word' id='word_1_25' title='bbox 2485 1586 2812 1672; x_wconf 83' lang='lat' dir='ltr'>Tarvisio,</span> <span class='ocrx_word' id='word_1_26' title='bbox 2846 1588 2915 1659; x_wconf 89' lang='lat' dir='ltr'>in</span> <span class='ocrx_word' id='word_1_27' title='bbox 2948 1588 3077 1656; x_wconf 90' lang='lat' dir='ltr'>Ro·</span> 
     </span>
     <span class='ocr_line' id='line_1_6' title="bbox 813 1691 3073 1779; baseline 0.001 -17"><span class='ocrx_word' id='word_1_28' title='bbox 813 1713 1011 1763; x_wconf 86' lang='lat' dir='ltr'>mana</span> <span class='ocrx_word' id='word_1_29' title='bbox 1043 1693 1241 1761; x_wconf 86' lang='lat' dir='ltr'>Curia</span> <span class='ocrx_word' id='word_1_30' title='bbox 1272 1692 1417 1778; x_wconf 88' lang='lat' dir='ltr'>ejus</span> <span class='ocrx_word' id='word_1_31' title='bbox 1451 1691 1723 1758; x_wconf 89' lang='lat' dir='ltr'>devotus</span> <span class='ocrx_word' id='word_1_32' title='bbox 1752 1697 2139 1774; x_wconf 88' lang='lat' dir='ltr'>procurator</span> <span class='ocrx_word' id='word_1_33' title='bbox 2172 1699 2238 1759; x_wconf 87' lang='lat' dir='ltr'>et</span> <span class='ocrx_word' id='word_1_34' title='bbox 2277 1692 2589 1776; x_wconf 88' lang='lat' dir='ltr'>serviens,</span> <span class='ocrx_word' id='word_1_35' title='bbox 2625 1712 2699 1759; x_wconf 94' lang='lat' dir='ltr'>se</span> <span class='ocrx_word' id='word_1_36' title='bbox 2731 1695 2950 1779; x_wconf 87' lang='lat' dir='ltr'>ipsum</span> <span class='ocrx_word' id='word_1_37' title='bbox 2984 1698 3073 1764; x_wconf 89' lang='lat' dir='ltr'>ad</span> 
     </span>
    </p>
   </div>
   <div class='ocr_carea' id='block_1_4' title="bbox 761 1800 3178 1891">
    <p class='ocr_par' dir='ltr' id='par_1_4' title="bbox 761 1800 3178 1891">
     <span class='ocr_line' id='line_1_7' title="bbox 761 1800 3178 1891; baseline 0 -19"><span class='ocrx_word' id='word_1_38' title='bbox 761 1813 768 1818; x_wconf 82' lang='lat'><strong>&#39;</strong></span> <span class='ocrx_word' id='word_1_39' title='bbox 813 1803 1036 1891; x_wconf 88' lang='lat' dir='ltr'>pedes.</span> <span class='ocrx_word' id='word_1_40' title='bbox 1070 1802 1319 1870; x_wconf 85' lang='lat' dir='ltr'>Noscat</span> <span class='ocrx_word' id='word_1_41' title='bbox 1339 1802 1581 1867; x_wconf 88' lang='lat' dir='ltr'>Vestra</span> <span class='ocrx_word' id='word_1_42' title='bbox 1611 1800 2038 1867; x_wconf 82' lang='lat' dir='ltr'>Excellencia</span> <span class='ocrx_word' id='word_1_43' title='bbox 2060 1820 2178 1887; x_wconf 94' lang='lat' dir='ltr'>per</span> <span class='ocrx_word' id='word_1_44' title='bbox 2208 1808 2568 1887; x_wconf 80' lang='lat' dir='ltr'>presentes,</span> <span class='ocrx_word' id='word_1_45' title='bbox 2602 1800 2708 1868; x_wconf 93' lang='lat' dir='ltr'>die</span> <span class='ocrx_word' id='word_1_46' title='bbox 2747 1805 2898 1872; x_wconf 89' lang='lat' dir='ltr'>lune</span> <span class='ocrx_word' id='word_1_47' title='bbox 2928 1810 3053 1873; x_wconf 90' lang='lat' dir='ltr'>ter·</span> <span class='ocrx_word' id='word_1_48' title='bbox 3173 1882 3178 1888; x_wconf 46' lang='grc'>,</span> 
     </span>
    </p>
   </div>
   <div class='ocr_carea' id='block_1_5' title="bbox 807 1906 3078 4806">
    <p class='ocr_par' dir='ltr' id='par_1_5' title="bbox 807 1906 3078 4806">
     <span class='ocr_line' id='line_1_8' title="bbox 814 1906 3067 1999; baseline -0.001 -19"><span class='ocrx_word' id='word_1_49' title='bbox 814 1914 916 1982; x_wconf 92' lang='lat' dir='ltr'>cio</span> <span class='ocrx_word' id='word_1_50' title='bbox 950 1909 1192 1980; x_wconf 81' lang='lat' dir='ltr'>mensis</span> <span class='ocrx_word' id='word_1_51' title='bbox 1224 1907 1553 1996; x_wconf 87' lang='lat' dir='ltr'>presentis</span> <span class='ocrx_word' id='word_1_52' title='bbox 1587 1907 1737 1975; x_wconf 86' lang='lat' dir='ltr'>veni</span> <span class='ocrx_word' id='word_1_53' title='bbox 1772 1906 1857 1974; x_wconf 88' lang='lat' dir='ltr'>ad</span> <span class='ocrx_word' id='word_1_54' title='bbox 1879 1908 2151 1976; x_wconf 36' lang='lat' dir='ltr'>Curiam*</span> <span class='ocrx_word' id='word_1_55' title='bbox 2178 1910 2544 1976; x_wconf 84' lang='lat' dir='ltr'>Romanam</span> <span class='ocrx_word' id='word_1_56' title='bbox 2564 1929 2709 1977; x_wconf 91' lang='lat' dir='ltr'>cum</span> <span class='ocrx_word' id='word_1_57' title='bbox 2740 1912 3067 1999; x_wconf 88' lang='lat' dir='ltr'>omnibus,</span> 
     </span>
     <span class='ocr_line' id='line_1_9' title="bbox 815 2011 3071 2106; baseline -0.001 -19"><span class='ocrx_word' id='word_1_58' title='bbox 815 2039 939 2106; x_wconf 89' lang='lat' dir='ltr'>qne</span> <span class='ocrx_word' id='word_1_59' title='bbox 974 2018 1130 2089; x_wconf 91' lang='lat' dir='ltr'>mihi</span> <span class='ocrx_word' id='word_1_60' title='bbox 1161 2011 1485 2098; x_wconf 88' lang='lat' dir='ltr'>dedistis;</span> <span class='ocrx_word' id='word_1_61' title='bbox 1541 2021 1608 2081; x_wconf 91' lang='lat' dir='ltr'>et</span> <span class='ocrx_word' id='word_1_62' title='bbox 1643 2014 1949 2082; x_wconf 91' lang='lat' dir='ltr'>dominus</span> <span class='ocrx_word' id='word_1_63' title='bbox 1980 2017 2167 2101; x_wconf 90' lang='lat' dir='ltr'>Papa</span> <span class='ocrx_word' id='word_1_64' title='bbox 2200 2016 2310 2083; x_wconf 91' lang='lat' dir='ltr'>die</span> <span class='ocrx_word' id='word_1_65' title='bbox 2359 2018 2714 2084; x_wconf 91' lang='lat' dir='ltr'>Dominica</span> <span class='ocrx_word' id='word_1_66' title='bbox 2765 2022 3071 2103; x_wconf 88' lang='lat' dir='ltr'>sequenti</span> 
     </span>
     <span class='ocr_line' id='line_1_10' title="bbox 810 2122 3059 2211; baseline -0.001 -15"><span class='ocrx_word' id='word_1_67' title='bbox 810 2127 1081 2196; x_wconf 89' lang='lat' dir='ltr'>veniens</span> <span class='ocrx_word' id='word_1_68' title='bbox 1114 2126 1198 2192; x_wconf 83' lang='lat' dir='ltr'>de</span> <span class='ocrx_word' id='word_1_69' title='bbox 1234 2123 1546 2207; x_wconf 82' lang='lat' dir='ltr'>Anagnia</span> <span class='ocrx_word' id='word_1_70' title='bbox 1576 2122 1841 2191; x_wconf 86' lang='lat' dir='ltr'>intravit</span> <span class='ocrx_word' id='word_1_71' title='bbox 1869 2126 2113 2191; x_wconf 89' lang='lat' dir='ltr'>urbem.</span> <span class='ocrx_word' id='word_1_72' title='bbox 2149 2125 2233 2189; x_wconf 91' lang='lat' dir='ltr'>Et</span> <span class='ocrx_word' id='word_1_73' title='bbox 2261 2144 2509 2211; x_wconf 88' lang='lat' dir='ltr'>aurum,</span> <span class='ocrx_word' id='word_1_74' title='bbox 2543 2126 2725 2208; x_wconf 93' lang='lat' dir='ltr'>quod</span> <span class='ocrx_word' id='word_1_75' title='bbox 2758 2126 2914 2192; x_wconf 91' lang='lat' dir='ltr'>mihi</span> <span class='ocrx_word' id='word_1_76' title='bbox 2947 2126 3059 2193; x_wconf 88' lang='lat' dir='ltr'>de·</span> 
     </span>
     <span class='ocr_line' id='line_1_11' title="bbox 816 2229 3062 2320; baseline 0 -19"><span class='ocrx_word' id='word_1_77' title='bbox 816 2234 1026 2316; x_wconf 88' lang='lat' dir='ltr'>distis,</span> <span class='ocrx_word' id='word_1_78' title='bbox 1063 2229 1327 2300; x_wconf 87' lang='lat' dir='ltr'>vendidi</span> <span class='ocrx_word' id='word_1_79' title='bbox 1362 2229 1726 2315; x_wconf 85' lang='lat' dir='ltr'>Florencie,</span> <span class='ocrx_word' id='word_1_80' title='bbox 1751 2237 2029 2314; x_wconf 87' lang='lat' dir='ltr'>quatuor</span> <span class='ocrx_word' id='word_1_81' title='bbox 2047 2229 2333 2299; x_wconf 90' lang='lat' dir='ltr'>millibus</span> <span class='ocrx_word' id='word_1_82' title='bbox 2366 2240 2432 2299; x_wconf 91' lang='lat' dir='ltr'>et</span> <span class='ocrx_word' id='word_1_83' title='bbox 2463 2235 2837 2320; x_wconf 82' lang='lat' dir='ltr'>quingentis</span> <span class='ocrx_word' id='word_1_84' title='bbox 2869 2232 3062 2301; x_wconf 88' lang='lat' dir='ltr'>flore·</span> 
     </span>
     <span class='ocr_line' id='line_1_12' title="bbox 811 2333 3053 2427; baseline -0 -16"><span class='ocrx_word' id='word_1_85' title='bbox 811 2345 915 2411; x_wconf 89' lang='lat' dir='ltr'>nis</span> <span class='ocrx_word' id='word_1_86' title='bbox 948 2338 1114 2423; x_wconf 88' lang='lat' dir='ltr'>auri,</span> <span class='ocrx_word' id='word_1_87' title='bbox 1149 2359 1309 2421; x_wconf 90' lang='lat' dir='ltr'>quos</span> <span class='ocrx_word' id='word_1_88' title='bbox 1346 2358 1573 2407; x_wconf 90' lang='lat' dir='ltr'>omnes</span> <span class='ocrx_word' id='word_1_89' title='bbox 1611 2333 1885 2423; x_wconf 87' lang='lat' dir='ltr'>deposui</span> <span class='ocrx_word' id='word_1_90' title='bbox 1917 2339 2259 2408; x_wconf 85' lang='lat' dir='ltr'>Florencie</span> <span class='ocrx_word' id='word_1_91' title='bbox 2311 2361 2514 2427; x_wconf 88' lang='lat' dir='ltr'>penes</span> <span class='ocrx_word' id='word_1_92' title='bbox 2547 2343 2698 2410; x_wconf 88' lang='lat' dir='ltr'>illos</span> <span class='ocrx_word' id='word_1_93' title='bbox 2731 2344 2815 2410; x_wconf 90' lang='lat' dir='ltr'>de</span> <span class='ocrx_word' id='word_1_94' title='bbox 2845 2344 3053 2411; x_wconf 91' lang='lat' dir='ltr'>socie·</span> 
     </span>
     <span class='ocr_line' id='line_1_13' title="bbox 812 2435 3065 2537; baseline 0 -21"><span class='ocrx_word' id='word_1_95' title='bbox 812 2456 950 2516; x_wconf 88' lang='lat' dir='ltr'>tate</span> <span class='ocrx_word' id='word_1_96' title='bbox 983 2435 1068 2514; x_wconf 83' lang='grc'>(16</span> <span class='ocrx_word' id='word_1_97' title='bbox 1099 2447 1304 2515; x_wconf 82' lang='lat' dir='ltr'>Mozis</span> <span class='ocrx_word' id='word_1_98' title='bbox 1339 2446 1422 2513; x_wconf 90' lang='lat' dir='ltr'>de</span> <span class='ocrx_word' id='word_1_99' title='bbox 1454 2446 1827 2530; x_wconf 85' lang='lat' dir='ltr'>Florencia,</span> <span class='ocrx_word' id='word_1_100' title='bbox 1864 2466 1986 2529; x_wconf 89' lang='lat' dir='ltr'>que</span> <span class='ocrx_word' id='word_1_101' title='bbox 2021 2454 2119 2513; x_wconf 84' lang='lat' dir='ltr'>est</span> <span class='ocrx_word' id='word_1_102' title='bbox 2149 2467 2281 2518; x_wconf 88' lang='lat' dir='ltr'>una</span> <span class='ocrx_word' id='word_1_103' title='bbox 2313 2448 2397 2516; x_wconf 92' lang='lat' dir='ltr'>de</span> <span class='ocrx_word' id='word_1_104' title='bbox 2428 2452 2831 2537; x_wconf 89' lang='lat' dir='ltr'>melioribus,</span> <span class='ocrx_word' id='word_1_105' title='bbox 2865 2451 3065 2520; x_wconf 87' lang='lat' dir='ltr'>dicio·</span> 
     </span>
     <span class='ocr_line' id='line_1_14' title="bbox 814 2554 3066 2647; baseline 0.001 -24"><span class='ocrx_word' id='word_1_106' title='bbox 814 2556 992 2624; x_wconf 90' lang='lat' dir='ltr'>ribus</span> <span class='ocrx_word' id='word_1_107' title='bbox 1025 2562 1091 2622; x_wconf 90' lang='lat' dir='ltr'>et</span> <span class='ocrx_word' id='word_1_108' title='bbox 1122 2555 1424 2624; x_wconf 87' lang='lat' dir='ltr'>fidelibus</span> <span class='ocrx_word' id='word_1_109' title='bbox 1458 2556 1892 2625; x_wconf 82' lang='lat' dir='ltr'>societatibus</span> <span class='ocrx_word' id='word_1_110' title='bbox 1916 2554 2320 2644; x_wconf 85' lang='lat' dir='ltr'>(Florencie)</span> <span class='ocrx_word' id='word_1_111' title='bbox 2353 2565 2417 2625; x_wconf 89' lang='lat' dir='ltr'>et</span> <span class='ocrx_word' id='word_1_112' title='bbox 2457 2564 2752 2628; x_wconf 90' lang='lat' dir='ltr'>Romane</span> <span class='ocrx_word' id='word_1_113' title='bbox 2805 2559 3066 2647; x_wconf 83' lang='lat' dir='ltr'>provin-</span> 
     </span>
     <span class='ocr_line' id='line_1_15' title="bbox 813 2664 3069 2751; baseline 0.001 -19"><span class='ocrx_word' id='word_1_114' title='bbox 813 2666 933 2732; x_wconf 89' lang='lat' dir='ltr'>cie.</span> <span class='ocrx_word' id='word_1_115' title='bbox 966 2664 1286 2733; x_wconf 76' lang='lat' dir='ltr'>Dominus</span> <span class='ocrx_word' id='word_1_116' title='bbox 1320 2665 1549 2732; x_wconf 92' lang='lat' dir='ltr'>Petrus</span> <span class='ocrx_word' id='word_1_117' title='bbox 1572 2666 1943 2733; x_wconf 82' lang='lat' dir='ltr'>Gontareno</span> <span class='ocrx_word' id='word_1_118' title='bbox 1971 2666 2261 2734; x_wconf 90' lang='lat' dir='ltr'>nondum</span> <span class='ocrx_word' id='word_1_119' title='bbox 2287 2667 2561 2734; x_wconf 89' lang='lat' dir='ltr'>Romam</span> <span class='ocrx_word' id='word_1_120' title='bbox 2603 2670 2804 2751; x_wconf 88' lang='lat' dir='ltr'>venit,</span> <span class='ocrx_word' id='word_1_121' title='bbox 2841 2675 2909 2737; x_wconf 89' lang='lat' dir='ltr'>et</span> <span class='ocrx_word' id='word_1_122' title='bbox 2940 2690 3069 2737; x_wconf 92' lang='lat' dir='ltr'>non</span> 
     </span>
     <span class='ocr_line' id='line_1_16' title="bbox 814 2770 3069 2864; baseline 0.001 -24"><span class='ocrx_word' id='word_1_123' title='bbox 814 2792 1081 2861; x_wconf 89' lang='lat' dir='ltr'>possum</span> <span class='ocrx_word' id='word_1_124' title='bbox 1116 2770 1389 2857; x_wconf 88' lang='lat' dir='ltr'>(adhuc)</span> <span class='ocrx_word' id='word_1_125' title='bbox 1426 2780 1669 2840; x_wconf 90' lang='lat' dir='ltr'>certum</span> <span class='ocrx_word' id='word_1_126' title='bbox 1700 2774 2099 2859; x_wconf 85' lang='lat' dir='ltr'>promittere,</span> <span class='ocrx_word' id='word_1_127' title='bbox 2135 2775 2416 2861; x_wconf 85' lang='lat' dir='ltr'>aggredi</span> <span class='ocrx_word' id='word_1_128' title='bbox 2448 2781 2788 2864; x_wconf 76' lang='lat' dir='ltr'>negocium</span> <span class='ocrx_word' id='word_1_129' title='bbox 2819 2778 3069 2844; x_wconf 89' lang='lat' dir='ltr'>domini</span> 
     </span>
     <span class='ocr_line' id='line_1_17' title="bbox 814 2875 3073 2969; baseline 0.002 -22"><span class='ocrx_word' id='word_1_130' title='bbox 814 2880 1129 2966; x_wconf 77' lang='lat' dir='ltr'>Episcopi</span> <span class='ocrx_word' id='word_1_131' title='bbox 1166 2875 1540 2965; x_wconf 88' lang='lat' dir='ltr'>(Antonii),</span> <span class='ocrx_word' id='word_1_132' title='bbox 1590 2882 1759 2949; x_wconf 90' lang='lat' dir='ltr'>sicut</span> <span class='ocrx_word' id='word_1_133' title='bbox 1809 2882 2197 2968; x_wconf 81' lang='lat' dir='ltr'>expediret3</span> <span class='ocrx_word' id='word_1_134' title='bbox 2250 2882 2371 2950; x_wconf 92' lang='lat' dir='ltr'>sed</span> <span class='ocrx_word' id='word_1_135' title='bbox 2402 2904 2613 2969; x_wconf 82' lang='lat' dir='ltr'>spem,</span> <span class='ocrx_word' id='word_1_136' title='bbox 2651 2887 2819 2968; x_wconf 89' lang='lat' dir='ltr'>qnod</span> <span class='ocrx_word' id='word_1_137' title='bbox 2863 2887 2997 2953; x_wconf 91' lang='lat' dir='ltr'>cito</span> <span class='ocrx_word' id='word_1_138' title='bbox 3032 2907 3073 2952; x_wconf 89' lang='lat' dir='ltr'>a</span> 
     </span>
     <span class='ocr_line' id='line_1_18' title="bbox 814 2990 3078 3079; baseline 0 -20"><span class='ocrx_word' id='word_1_139' title='bbox 814 2991 1081 3059; x_wconf 91' lang='lat' dir='ltr'>domino</span> <span class='ocrx_word' id='word_1_140' title='bbox 1103 2993 1293 3075; x_wconf 86' lang='lat' dir='ltr'>Papa</span> <span class='ocrx_word' id='word_1_141' title='bbox 1325 2990 1669 3073; x_wconf 85' lang='lat' dir='ltr'>negocium</span> <span class='ocrx_word' id='word_1_142' title='bbox 1713 2996 2002 3057; x_wconf 87' lang='lat' dir='ltr'>vestrum</span> <span class='ocrx_word' id='word_1_143' title='bbox 2043 2997 2108 3059; x_wconf 90' lang='lat' dir='ltr'>et</span> <span class='ocrx_word' id='word_1_144' title='bbox 2161 2991 2406 3058; x_wconf 92' lang='lat' dir='ltr'>domini</span> <span class='ocrx_word' id='word_1_145' title='bbox 2446 2992 2758 3079; x_wconf 83' lang='lat' dir='ltr'>Episcopi</span> <span class='ocrx_word' id='word_1_146' title='bbox 2796 2993 3078 3060; x_wconf 79' lang='lat' dir='ltr'>feliciter</span> 
     </span>
     <span class='ocr_line' id='line_1_19' title="bbox 817 3098 3077 3185; baseline 0.002 -20"><span class='ocrx_word' id='word_1_147' title='bbox 817 3098 1240 3184; x_wconf 81' lang='lat' dir='ltr'>expedietur3</span> <span class='ocrx_word' id='word_1_148' title='bbox 1276 3105 1340 3162; x_wconf 84' lang='lat' dir='ltr'>et</span> <span class='ocrx_word' id='word_1_149' title='bbox 1374 3099 1501 3164; x_wconf 93' lang='lat' dir='ltr'>cito</span> <span class='ocrx_word' id='word_1_150' title='bbox 1535 3119 1653 3185; x_wconf 90' lang='lat' dir='ltr'>per</span> <span class='ocrx_word' id='word_1_151' title='bbox 1692 3100 2174 3168; x_wconf 87' lang='lat' dir='ltr'>Brunadasium</span> <span class='ocrx_word' id='word_1_152' title='bbox 2209 3107 2273 3166; x_wconf 91' lang='lat' dir='ltr'>et</span> <span class='ocrx_word' id='word_1_153' title='bbox 2305 3101 2785 3184; x_wconf 84' lang='lat' dir='ltr'>Manfredinum</span> <span class='ocrx_word' id='word_1_154' title='bbox 2835 3101 3077 3169; x_wconf 84' lang='lat' dir='ltr'>clarius</span> 
     </span>
     <span class='ocr_line' id='line_1_20' title="bbox 813 3204 3073 3297; baseline 0.001 -21"><span class='ocrx_word' id='word_1_155' title='bbox 813 3207 1153 3293; x_wconf 88' lang='lat' dir='ltr'>Majestati</span> <span class='ocrx_word' id='word_1_156' title='bbox 1207 3207 1439 3273; x_wconf 88' lang='lat' dir='ltr'>Vestre</span> <span class='ocrx_word' id='word_1_157' title='bbox 1476 3208 1781 3273; x_wconf 87' lang='lat' dir='ltr'>scribam.</span> <span class='ocrx_word' id='word_1_158' title='bbox 1814 3212 1899 3276; x_wconf 91' lang='lat' dir='ltr'>Et</span> <span class='ocrx_word' id='word_1_159' title='bbox 1931 3209 1988 3276; x_wconf 92' lang='lat' dir='ltr'>si</span> <span class='ocrx_word' id='word_1_160' title='bbox 2029 3204 2427 3295; x_wconf 84' lang='lat' dir='ltr'>(adveniret)</span> <span class='ocrx_word' id='word_1_161' title='bbox 2463 3208 2758 3278; x_wconf 90' lang='lat' dir='ltr'>dominus</span> <span class='ocrx_word' id='word_1_162' title='bbox 2811 3211 3073 3297; x_wconf 76' lang='lat' dir='ltr'>PetruS,</span> 
     </span>
     <span class='ocr_line' id='line_1_21' title="bbox 814 3311 3073 3404; baseline 0.002 -23"><span class='ocrx_word' id='word_1_163' title='bbox 814 3320 954 3404; x_wconf 88' lang='lat' dir='ltr'>jam</span> <span class='ocrx_word' id='word_1_164' title='bbox 1006 3315 1240 3383; x_wconf 89' lang='lat' dir='ltr'>scirem</span> <span class='ocrx_word' id='word_1_165' title='bbox 1292 3311 1469 3400; x_wconf 91' lang='lat' dir='ltr'>(eum</span> <span class='ocrx_word' id='word_1_166' title='bbox 1501 3314 1888 3403; x_wconf 86' lang='lat' dir='ltr'>informare)</span> <span class='ocrx_word' id='word_1_167' title='bbox 1938 3318 2021 3386; x_wconf 90' lang='lat' dir='ltr'>de</span> <span class='ocrx_word' id='word_1_168' title='bbox 2071 3319 2369 3404; x_wconf 88' lang='lat' dir='ltr'>negocio.</span> <span class='ocrx_word' id='word_1_169' title='bbox 2422 3318 2664 3386; x_wconf 88' lang='lat' dir='ltr'>Sciatis</span> <span class='ocrx_word' id='word_1_170' title='bbox 2695 3338 2814 3403; x_wconf 90' lang='lat' dir='ltr'>pro</span> <span class='ocrx_word' id='word_1_171' title='bbox 2869 3324 3073 3402; x_wconf 83' lang='lat' dir='ltr'>certe,</span> 
     </span>
     <span class='ocr_line' id='line_1_22' title="bbox 825 3423 3075 3509; baseline 0.001 -17"><span class='ocrx_word' id='word_1_172' title='bbox 825 3426 993 3508; x_wconf 89' lang='lat' dir='ltr'>quod</span> <span class='ocrx_word' id='word_1_173' title='bbox 1026 3443 1230 3509; x_wconf 85' lang='lat' dir='ltr'>nepos</span> <span class='ocrx_word' id='word_1_174' title='bbox 1263 3423 1465 3508; x_wconf 87' lang='lat' dir='ltr'>Regis</span> <span class='ocrx_word' id='word_1_175' title='bbox 1500 3423 1724 3491; x_wconf 83' lang='lat' dir='ltr'>Garuli</span> <span class='ocrx_word' id='word_1_176' title='bbox 1763 3430 1994 3491; x_wconf 90' lang='lat' dir='ltr'>contra</span> <span class='ocrx_word' id='word_1_177' title='bbox 2027 3425 2373 3492; x_wconf 82' lang='lat' dir='ltr'>consilium</span> <span class='ocrx_word' id='word_1_178' title='bbox 2408 3431 2472 3491; x_wconf 89' lang='lat' dir='ltr'>et</span> <span class='ocrx_word' id='word_1_179' title='bbox 2520 3428 2926 3495; x_wconf 87' lang='lat' dir='ltr'>voluntatem</span> <span class='ocrx_word' id='word_1_180' title='bbox 2958 3427 3075 3494; x_wconf 90' lang='lat' dir='ltr'>do·</span> 
     </span>
     <span class='ocr_line' id='line_1_23' title="bbox 813 3529 3078 3621; baseline 0.001 -22"><span class='ocrx_word' id='word_1_181' title='bbox 813 3532 972 3599; x_wconf 92' lang='lat' dir='ltr'>mini</span> <span class='ocrx_word' id='word_1_182' title='bbox 1004 3532 1189 3616; x_wconf 92' lang='lat' dir='ltr'>Pape</span> <span class='ocrx_word' id='word_1_183' title='bbox 1223 3538 1289 3598; x_wconf 89' lang='lat' dir='ltr'>et</span> <span class='ocrx_word' id='word_1_184' title='bbox 1321 3529 1773 3598; x_wconf 70' lang='lat' dir='ltr'>cardinalium</span> <span class='ocrx_word' id='word_1_185' title='bbox 1804 3553 1914 3600; x_wconf 88' lang='lat' dir='ltr'>am</span> <span class='ocrx_word' id='word_1_186' title='bbox 1934 3534 2180 3601; x_wconf 90' lang='lat' dir='ltr'>icorum</span> <span class='ocrx_word' id='word_1_187' title='bbox 2216 3553 2477 3603; x_wconf 89' lang='lat' dir='ltr'>suorum</span> <span class='ocrx_word' id='word_1_188' title='bbox 2513 3535 2753 3605; x_wconf 88' lang='lat' dir='ltr'>missus</span> <span class='ocrx_word' id='word_1_189' title='bbox 2804 3533 2926 3601; x_wconf 83' lang='lat' dir='ltr'>fuit</span> <span class='ocrx_word' id='word_1_190' title='bbox 2957 3555 3078 3621; x_wconf 91' lang='lat' dir='ltr'>per</span> 
     </span>
     <span class='ocr_line' id='line_1_24' title="bbox 818 3637 3076 3727; baseline 0 -20"><span class='ocrx_word' id='word_1_191' title='bbox 818 3641 1153 3709; x_wconf 92' lang='lat' dir='ltr'>dominum</span> <span class='ocrx_word' id='word_1_192' title='bbox 1187 3643 1430 3725; x_wconf 85' lang='lat' dir='ltr'>Regem</span> <span class='ocrx_word' id='word_1_193' title='bbox 1464 3638 1551 3707; x_wconf 90' lang='lat' dir='ltr'>ad</span> <span class='ocrx_word' id='word_1_194' title='bbox 1581 3648 1811 3726; x_wconf 88' lang='lat' dir='ltr'>partes</span> <span class='ocrx_word' id='word_1_195' title='bbox 1852 3643 2038 3724; x_wconf 88' lang='lat' dir='ltr'>illas,</span> <span class='ocrx_word' id='word_1_196' title='bbox 2097 3649 2161 3708; x_wconf 89' lang='lat' dir='ltr'>et</span> <span class='ocrx_word' id='word_1_197' title='bbox 2193 3642 2365 3726; x_wconf 89' lang='lat' dir='ltr'>quod</span> <span class='ocrx_word' id='word_1_198' title='bbox 2417 3641 2716 3710; x_wconf 89' lang='lat' dir='ltr'>dominus</span> <span class='ocrx_word' id='word_1_199' title='bbox 2758 3639 2949 3727; x_wconf 87' lang='lat' dir='ltr'>Papa</span> <span class='ocrx_word' id='word_1_200' title='bbox 2984 3637 3076 3727; x_wconf 91' lang='lat' dir='ltr'>(ei</span> 
     </span>
     <span class='ocr_line' id='line_1_25' title="bbox 813 3745 3076 3837; baseline 0 -22"><span class='ocrx_word' id='word_1_201' title='bbox 813 3769 944 3815; x_wconf 90' lang='lat' dir='ltr'>non</span> <span class='ocrx_word' id='word_1_202' title='bbox 983 3745 1191 3834; x_wconf 89' lang='lat' dir='ltr'>dedit)</span> <span class='ocrx_word' id='word_1_203' title='bbox 1244 3747 1512 3833; x_wconf 88' lang='lat' dir='ltr'>aliquod</span> <span class='ocrx_word' id='word_1_204' title='bbox 1559 3749 1918 3837; x_wconf 79' lang='lat' dir='ltr'>auxilium3</span> <span class='ocrx_word' id='word_1_205' title='bbox 1975 3757 2038 3816; x_wconf 89' lang='lat' dir='ltr'>et</span> <span class='ocrx_word' id='word_1_206' title='bbox 2097 3768 2323 3816; x_wconf 89' lang='lat' dir='ltr'>omnes</span> <span class='ocrx_word' id='word_1_207' title='bbox 2375 3749 2460 3818; x_wconf 91' lang='lat' dir='ltr'>de</span> <span class='ocrx_word' id='word_1_208' title='bbox 2512 3749 2709 3819; x_wconf 82' lang='lat' dir='ltr'>Curia</span> <span class='ocrx_word' id='word_1_209' title='bbox 2763 3756 3076 3835; x_wconf 89' lang='lat' dir='ltr'>reputant</span> 
     </span>
     <span class='ocr_line' id='line_1_26' title="bbox 811 3855 3071 3944; baseline 0.001 -22"><span class='ocrx_word' id='word_1_210' title='bbox 811 3855 1184 3942; x_wconf 85' lang='lat' dir='ltr'>stulticiam,</span> <span class='ocrx_word' id='word_1_211' title='bbox 1222 3857 1396 3941; x_wconf 90' lang='lat' dir='ltr'>quod</span> <span class='ocrx_word' id='word_1_212' title='bbox 1428 3857 1639 3926; x_wconf 90' lang='lat' dir='ltr'>dictus</span> <span class='ocrx_word' id='word_1_213' title='bbox 1670 3859 1811 3924; x_wconf 87' lang='lat' dir='ltr'>Rex</span> <span class='ocrx_word' id='word_1_214' title='bbox 1855 3857 2033 3925; x_wconf 90' lang='lat' dir='ltr'>misit</span> <span class='ocrx_word' id='word_1_215' title='bbox 2062 3878 2207 3925; x_wconf 92' lang='lat' dir='ltr'>eum</span> <span class='ocrx_word' id='word_1_216' title='bbox 2240 3860 2417 3944; x_wconf 89' lang='lat' dir='ltr'>illuc,</span> <span class='ocrx_word' id='word_1_217' title='bbox 2452 3864 2520 3924; x_wconf 92' lang='lat' dir='ltr'>et</span> <span class='ocrx_word' id='word_1_218' title='bbox 2550 3857 2725 3925; x_wconf 89' lang='lat' dir='ltr'>male</span> <span class='ocrx_word' id='word_1_219' title='bbox 2760 3857 3071 3924; x_wconf 89' lang='lat' dir='ltr'>succedet</span> 
     </span>
     <span class='ocr_line' id='line_1_27' title="bbox 817 3961 3071 4053; baseline 0.001 -24"><span class='ocrx_word' id='word_1_220' title='bbox 817 3965 885 4030; x_wconf 90' lang='lat' dir='ltr'>in</span> <span class='ocrx_word' id='word_1_221' title='bbox 920 3961 1188 4052; x_wconf 80' lang='lat' dir='ltr'>Sicilia3</span> <span class='ocrx_word' id='word_1_222' title='bbox 1243 3972 1310 4032; x_wconf 87' lang='lat' dir='ltr'>et</span> <span class='ocrx_word' id='word_1_223' title='bbox 1344 3966 1585 4033; x_wconf 89' lang='lat' dir='ltr'>cotidie</span> <span class='ocrx_word' id='word_1_224' title='bbox 1619 3971 2009 4053; x_wconf 83' lang='lat' dir='ltr'>expectatur</span> <span class='ocrx_word' id='word_1_225' title='bbox 2042 3966 2108 4032; x_wconf 94' lang='lat' dir='ltr'>in</span> <span class='ocrx_word' id='word_1_226' title='bbox 2143 3966 2379 4048; x_wconf 81' lang='lat' dir='ltr'>Curia,</span> <span class='ocrx_word' id='word_1_227' title='bbox 2416 3965 2574 4051; x_wconf 87' lang='lat' dir='ltr'>quia</span> <span class='ocrx_word' id='word_1_228' title='bbox 2603 3964 2790 4047; x_wconf 70' lang='lat' dir='ltr'>venit</span> <span class='ocrx_word' id='word_1_229' title='bbox 2821 3963 2908 4033; x_wconf 86' lang='lat' dir='ltr'>ad</span> <span class='ocrx_word' id='word_1_230' title='bbox 2959 3967 3071 4032; x_wconf 88' lang='lat' dir='ltr'>do-</span> 
     </span>
     <span class='ocr_line' id='line_1_28' title="bbox 812 4069 3073 4161; baseline 0 -22"><span class='ocrx_word' id='word_1_231' title='bbox 812 4074 1050 4139; x_wconf 91' lang='lat' dir='ltr'>minum</span> <span class='ocrx_word' id='word_1_232' title='bbox 1103 4075 1356 4161; x_wconf 89' lang='lat' dir='ltr'>Papam</span> <span class='ocrx_word' id='word_1_233' title='bbox 1386 4094 1505 4159; x_wconf 92' lang='lat' dir='ltr'>pro</span> <span class='ocrx_word' id='word_1_234' title='bbox 1542 4070 1981 4158; x_wconf 91' lang='lat' dir='ltr'>(implorando</span> <span class='ocrx_word' id='word_1_235' title='bbox 2033 4073 2304 4142; x_wconf 86' lang='lat' dir='ltr'>auxilio.</span> <span class='ocrx_word' id='word_1_236' title='bbox 2359 4074 2624 4141; x_wconf 90' lang='lat' dir='ltr'>Interea</span> <span class='ocrx_word' id='word_1_237' title='bbox 2656 4069 3073 4159; x_wconf 89' lang='lat' dir='ltr'>procedatis)</span> 
     </span>
     <span class='ocr_line' id='line_1_29' title="bbox 813 4178 3075 4263; baseline 0 -17"><span class='ocrx_word' id='word_1_238' title='bbox 813 4201 954 4247; x_wconf 91' lang='lat' dir='ltr'>cum</span> <span class='ocrx_word' id='word_1_239' title='bbox 986 4180 1136 4249; x_wconf 90' lang='lat' dir='ltr'>filiis</span> <span class='ocrx_word' id='word_1_240' title='bbox 1168 4181 1440 4249; x_wconf 90' lang='lat' dir='ltr'>Henrici</span> <span class='ocrx_word' id='word_1_241' title='bbox 1487 4180 1676 4263; x_wconf 88' lang='lat' dir='ltr'>Bani,</span> <span class='ocrx_word' id='word_1_242' title='bbox 1719 4178 1786 4246; x_wconf 82' lang='lat' dir='ltr'>et</span> <span class='ocrx_word' id='word_1_243' title='bbox 1819 4199 1964 4248; x_wconf 89' lang='lat' dir='ltr'>cum</span> <span class='ocrx_word' id='word_1_244' title='bbox 1998 4179 2150 4248; x_wconf 89' lang='lat' dir='ltr'>aliis</span> <span class='ocrx_word' id='word_1_245' title='bbox 2189 4180 2427 4248; x_wconf 87' lang='lat' dir='ltr'>vestris</span> <span class='ocrx_word' id='word_1_246' title='bbox 2467 4180 2873 4263; x_wconf 74' lang='lat' dir='ltr'>BaronibuS,</span> <span class='ocrx_word' id='word_1_247' title='bbox 2929 4200 3075 4247; x_wconf 89' lang='lat' dir='ltr'>cum</span> 
     </span>
     <span class='ocr_line' id='line_1_30' title="bbox 813 4287 3076 4376; baseline 0.001 -20"><span class='ocrx_word' id='word_1_248' title='bbox 813 4288 1349 4373; x_wconf 80' lang='lat' dir='ltr'>quibuspotestis‚</span> <span class='ocrx_word' id='word_1_249' title='bbox 1405 4289 1558 4371; x_wconf 90' lang='lat' dir='ltr'>quia</span> <span class='ocrx_word' id='word_1_250' title='bbox 1591 4288 1675 4355; x_wconf 90' lang='grc'>(16</span> <span class='ocrx_word' id='word_1_251' title='bbox 1697 4287 1883 4355; x_wconf 88' lang='lat' dir='ltr'>facili</span> <span class='ocrx_word' id='word_1_252' title='bbox 1915 4294 2071 4374; x_wconf 81' lang='lat' dir='ltr'>pote</span> <span class='ocrx_word' id='word_1_253' title='bbox 2098 4288 2221 4356; x_wconf 92' lang='lat' dir='ltr'>stis</span> <span class='ocrx_word' id='word_1_254' title='bbox 2253 4287 2504 4357; x_wconf 90' lang='lat' dir='ltr'>habere</span> <span class='ocrx_word' id='word_1_255' title='bbox 2536 4307 2807 4376; x_wconf 90' lang='lat' dir='ltr'>puerum</span> <span class='ocrx_word' id='word_1_256' title='bbox 2841 4288 2908 4354; x_wconf 95' lang='lat' dir='ltr'>in</span> <span class='ocrx_word' id='word_1_257' title='bbox 2940 4310 3076 4358; x_wconf 88' lang='lat' dir='ltr'>ma-</span> 
     </span>
     <span class='ocr_line' id='line_1_31' title="bbox 807 4394 3073 4482; baseline 0 -20"><span class='ocrx_word' id='word_1_258' title='bbox 807 4396 1003 4466; x_wconf 79' lang='lat' dir='ltr'>nibus</span> <span class='ocrx_word' id='word_1_259' title='bbox 1044 4394 1325 4480; x_wconf 86' lang='lat' dir='ltr'>vestris,</span> <span class='ocrx_word' id='word_1_260' title='bbox 1378 4396 1433 4460; x_wconf 90' lang='lat' dir='ltr'>si</span> <span class='ocrx_word' id='word_1_261' title='bbox 1465 4396 1683 4463; x_wconf 85' lang='lat' dir='ltr'>vultis.</span> <span class='ocrx_word' id='word_1_262' title='bbox 1736 4397 1822 4461; x_wconf 93' lang='lat' dir='ltr'>Et</span> <span class='ocrx_word' id='word_1_263' title='bbox 1873 4417 1999 4482; x_wconf 91' lang='lat' dir='ltr'>ego</span> <span class='ocrx_word' id='word_1_264' title='bbox 2033 4395 2171 4462; x_wconf 87' lang='lat' dir='ltr'>dixi</span> <span class='ocrx_word' id='word_1_265' title='bbox 2230 4394 2529 4479; x_wconf 88' lang='lat' dir='ltr'>pluribus</span> <span class='ocrx_word' id='word_1_266' title='bbox 2579 4395 3073 4482; x_wconf 75' lang='lat' dir='ltr'>cardinalibus,</span> 
     </span>
     <span class='ocr_line' id='line_1_32' title="bbox 816 4485 3076 4590; baseline 0 -18"><span class='ocrx_word' id='word_1_267' title='bbox 816 4505 991 4589; x_wconf 92' lang='lat' dir='ltr'>quod</span> <span class='ocrx_word' id='word_1_268' title='bbox 1024 4499 1408 4584; x_wconf 84' lang='lat' dir='ltr'>aud(iverim</span> <span class='ocrx_word' id='word_1_269' title='bbox 1442 4527 1484 4571; x_wconf 87' lang='lat' dir='ltr'>a</span> <span class='ocrx_word' id='word_1_270' title='bbox 1515 4500 1902 4590; x_wconf 76' lang='lat' dir='ltr'>Majestate)</span> <span class='ocrx_word' id='word_1_271' title='bbox 1941 4510 2206 4588; x_wconf 81' lang='lat' dir='ltr'>vestra3</span> <span class='ocrx_word' id='word_1_272' title='bbox 2243 4504 2418 4588; x_wconf 92' lang='lat' dir='ltr'>quod</span> <span class='ocrx_word' id='word_1_273' title='bbox 2457 4506 2512 4572; x_wconf 91' lang='lat' dir='ltr'>si</span> <span class='ocrx_word' id='word_1_274' title='bbox 2548 4485 2881 4572; x_wconf 77' lang='lat' dir='ltr'>haberetis</span> <span class='ocrx_word' id='word_1_275' title='bbox 2917 4525 3076 4589; x_wconf 92' lang='lat' dir='ltr'>pue-</span> 
     </span>
     <span class='ocr_line' id='line_1_33' title="bbox 811 4609 3073 4695; baseline 0.001 -17"><span class='ocrx_word' id='word_1_276' title='bbox 811 4632 952 4678; x_wconf 88' lang='lat' dir='ltr'>rum</span> <span class='ocrx_word' id='word_1_277' title='bbox 989 4611 1054 4676; x_wconf 90' lang='lat' dir='ltr'>in</span> <span class='ocrx_word' id='word_1_278' title='bbox 1088 4609 1386 4677; x_wconf 83' lang='lat' dir='ltr'>manibus</span> <span class='ocrx_word' id='word_1_279' title='bbox 1418 4612 1673 4694; x_wconf 85' lang='lat' dir='ltr'>vestris,</span> <span class='ocrx_word' id='word_1_280' title='bbox 1696 4610 1872 4695; x_wconf 92' lang='lat' dir='ltr'>quod</span> <span class='ocrx_word' id='word_1_281' title='bbox 1905 4611 2254 4679; x_wconf 82' lang='lat' dir='ltr'>mitteretis</span> <span class='ocrx_word' id='word_1_282' title='bbox 2277 4632 2423 4678; x_wconf 91' lang='lat' dir='ltr'>eum</span> <span class='ocrx_word' id='word_1_283' title='bbox 2456 4615 2544 4681; x_wconf 88' lang='lat' dir='ltr'>ad</span> <span class='ocrx_word' id='word_1_284' title='bbox 2575 4613 2908 4680; x_wconf 88' lang='lat' dir='ltr'>dominnm</span> <span class='ocrx_word' id='word_1_285' title='bbox 2944 4616 3073 4681; x_wconf 86' lang='lat' dir='ltr'>Pa-</span> 
     </span>
     <span class='ocr_line' id='line_1_34' title="bbox 811 4717 3063 4806; baseline 0.001 -22"><span class='ocrx_word' id='word_1_286' title='bbox 811 4739 1004 4803; x_wconf 89' lang='lat' dir='ltr'>pam,</span> <span class='ocrx_word' id='word_1_287' title='bbox 1040 4726 1104 4784; x_wconf 90' lang='lat' dir='ltr'>et</span> <span class='ocrx_word' id='word_1_288' title='bbox 1136 4720 1403 4785; x_wconf 90' lang='lat' dir='ltr'>multum</span> <span class='ocrx_word' id='word_1_289' title='bbox 1440 4718 1534 4785; x_wconf 87' lang='lat' dir='ltr'>eis</span> <span class='ocrx_word' id='word_1_290' title='bbox 1565 4717 1839 4802; x_wconf 88' lang='lat' dir='ltr'>placuit.</span> <span class='ocrx_word' id='word_1_291' title='bbox 1875 4717 2193 4786; x_wconf 88' lang='lat' dir='ltr'>Dominus</span> <span class='ocrx_word' id='word_1_292' title='bbox 2241 4719 2606 4806; x_wconf 89' lang='lat' dir='ltr'>Episcopus</span> <span class='ocrx_word' id='word_1_293' title='bbox 2638 4720 2801 4787; x_wconf 91' lang='lat' dir='ltr'>nihil</span> <span class='ocrx_word' id='word_1_294' title='bbox 2833 4718 3063 4803; x_wconf 88' lang='lat' dir='ltr'>habet,</span> 
     </span>
    </p>
   </div>
  </div>
 </body>
</html>
