3416 5313
1797 449 1885 516 84

1797 1257 1913 1324 52.

719 1494 783 1562 A
801 1497 981 1584 pe'csi
1009 1493 1320 1582 kdptalan
1369 1494 1766 1582 bizonysdqot
1814 1504 1960 1559 tesz‘
1988 1495 2165 1559 arro'l
2181 1544 2199 1579 ‚
2251 1493 2412 1581 hoyy
2466 1494 2815 1582 cyyreszrb'l
2852 1492 2972 1557 Ta-

720 1610 855 1671 mds
885 1604 1160 1692 bosnydk
1184 1604 1429 1691 pilsp'o‘k
1462 1606 1523 1668 es
1553 1606 1812 1669 testve're
1837 1603 2122 1669 Demeter
2149 1613 2369 1668 mester
2399 1625 2441 1666 a
2461 1601 2971 1689 Szente-Mdydcs

720 1712 1171 1799 nemzetsc'ybol,
1190 1712 1554 1776 mamszrb'z
1577 1711 1848 1776 Lb'rincz
1866 1721 2092 1776 mester-
2104 1714 2167 1775 c's
2197 1714 2457 1776 teetve're'
2481 1712 2697 1799 Fibpes
2727 1720 2965 1792 mester,

723 1845 766 1887 a
796 1821 1079 1889 kozottok
1097 1844 1141 1886 a
1171 1821 1486 1908 kapo‘mai
1501 1822 1854 1907 re'szjdszdy
1886 1821 2061 1884 irdnt
2078 1819 2258 1907 folyt
2287 1820 2736 1907 villonqunak
2768 1841 2967 1906 eqyes-

1331 1931 1435 2015 ⁸69
1466 1926 1630 1992 altal
1654 1931 1825 2014 veqet
1855 1929 2134 1995 vetettek.
2165 1931 2361 1994 1293.

938 2167 1079 2234 Nos
1114 2164 1489 2250 Capitulum
1541 2163 2270 2247 Quinqueecclesiensis
2320 2164 2622 2232 Ecclesie
2662 2162 2975 2231 memorie

725 2274 1239 2344 conmendamus
1273 2291 1391 2358 per
1421 2277 1768 2356 presentes
1793 2323 1808 2351 ‚
1862 2275 2039 2355 quod
2069 2271 2385 2358 magister
2415 2274 2709 2341 Abraam
2758 2275 2971 2341 Nota-

725 2386 859 2453 rius
891 2383 1182 2470 Capituli
1239 2383 1539 2449 Ecclesie
1588 2382 1989 2465 Boznensis‚
2043 2402 2161 2468 pro
2195 2381 2478 2448 dominis
2531 2384 2665 2448 suis
2698 2399 2972 2448 venera-

724 2493 858 2563 bile
890 2498 1116 2579 patre,
1170 2489 1436 2557 domino
1482 2488 1741 2557 Thoma
1770 2488 1896 2555 Dei
1948 2490 2175 2570 gracia
2225 2488 2557 2576 Episcopo
2607 2489 2976 2556 Boznensis

727 2601 1049 2688 Ecclesie,
1084 2607 1150 2670 et
1181 2619 1298 2686 pro
1353 2599 1668 2683 magistro
1710 2598 2043 2666 Demetrio
2095 2598 2303 2666 fratre
2355 2600 2610 2670 carnali
2662 2599 2975 2684 eiusdem,

732 2710 889 2796 filijs
921 2711 1093 2777 Elek
1127 2710 1212 2776 de
1245 2728 1485 2796 genere
1518 2708 2074 2794 Scentemagych,
2111 2707 2490 2776 exhibendo
2513 2709 2772 2776 litteras
2806 2707 2976 2773 eius-

733 2819 882 2886 dem
919 2819 1167 2886 domini
1198 2816 1510 2902 Episcopi
1529 2815 1890 2884 Boznensis
1924 2816 2006 2883 de
2038 2816 2473 2886 ratiabicione
2494 2821 2581 2885 ab
2615 2836 2745 2883 una
2764 2822 2976 2902 parte,

731 2927 970 2994 nobilis
1002 2926 1257 2994 iuuenis
1292 2926 1610 3009 magister
1629 2926 2034 2993 Laurencius
2068 2925 2241 2994 filius
2264 2925 2564 3011 magistri
2587 2925 2740 2992 Phs.
2775 2921 2978 3011 (Phil-

739 3031 889 3124 pes)
924 3056 1041 3121 pro
1074 3054 1165 3118 se,
1201 3040 1265 3102 et
1292 3054 1414 3119 pro
1449 3034 1654 3102 fratre
1683 3054 1804 3100 suo
1848 3033 2100 3100 carnali
2135 3040 2201 3100 et
2232 3033 2548 3122 magistro
2589 3033 2744 3101 Phs.
2779 3031 2980 3118 (Phil-

736 3141 886 3230 pes)
921 3150 1183 3228 vocato,
1216 3142 1300 3213 ab
1332 3144 1578 3227 altera,
1629 3141 2069 3227 personaliter
2109 3142 2177 3210 in
2210 3144 2417 3211 nostri
2449 3143 2795 3228 presencia
2828 3163 2980 3211 con-

737 3253 968 3335 stituti,
1002 3252 1344 3336 dixerunt,
1380 3250 1549 3336 quod
1582 3270 1727 3316 cum
1761 3270 1958 3339 super
2005 3251 2172 3319 sacto
2204 3251 2385 3320 illius
2417 3253 2748 3339 porcionis
2781 3259 2981 3339 terre,

736 3381 932 3446 quam
965 3362 1342 3446 porcionem
1391 3362 1666 3426 interra
1719 3357 2034 3445 Koporna
2081 3369 2322 3428 vocata
2373 3359 2674 3428 dominus
2706 3360 2984 3448 Episco-

733 3489 864 3557 pus
897 3469 1260 3539 Boznensis
1293 3466 1627 3544 Ecclesie,
1681 3471 1749 3531 et
1785 3465 2099 3549 magister
2149 3465 2519 3536 Demetrius
2569 3471 2777 3537 frater
2826 3490 2988 3537 suus

739 3578 1042 3661 carnalis,
1078 3579 1264 3646 titulo
1298 3575 1658 3662 empcionis
1690 3574 2166 3658 dignoscuntur
2196 3578 2540 3663 possidere
2560 3630 2578 3664 ,
2629 3582 2803 3648 inter
2833 3600 2986 3665 par·

736 3694 839 3755 tes
871 3695 1236 3755 uerteretur
1286 3684 1571 3752 materia
1604 3684 1966 3767 questionis
1988 3734 2007 3769 ‚
2038 3688 2467 3770 partibusque
2505 3688 2760 3755 diucius
2790 3688 2989 3756 alter-

631 3783 642 3790 ’
735 3796 1087 3880 quantibus
1108 3845 1128 3879 ,
1158 3793 1432 3862 tandem
1483 3790 1842 3858 secundum
1896 3791 2240 3859 arbitrium
2292 3795 2646 3878 proborum
2701 3797 2991 3863 virorum

730 3902 1369 3990 conprouincialium,
1401 3900 1660 3988 prefata
1691 3898 1914 3985 porcio
1945 3909 2118 3968 terre
2150 3901 2218 3966 in
2237 3901 2573 3991 Koporna‚
2596 3905 2719 3972 sub
2754 3904 2988 3974 eodem

736 4011 926 4078 titulo
960 4007 1318 4096 empcionis
1351 4028 1498 4076 cum
1530 4008 1831 4076 omnibus
1869 4009 2006 4075 suis
2030 4009 2421 4080 vtilitatibus
2457 4023 2525 4082 et
2555 4013 2994 4100 pertinencijs

736 4119 1151 4207 quibuslibet,
1187 4120 1384 4186 cessit
1403 4123 1470 4184 et
1499 4117 1823 4184 remansit
1844 4117 2054 4185 eidem
2091 4118 2351 4188 domino
2372 4122 2629 4189 Thome
2649 4124 2992 4210 Episcopo

736 4228 1083 4312 Boznensi,
1118 4231 1184 4293 et
1215 4224 1401 4294 fratri
1437 4246 1554 4294 suo
1588 4225 1905 4311 magistro
1938 4228 2294 4312 Demetrio,
2337 4219 2695 4317 eorumque
2728 4232 2993 4301 heredi-

738 4337 865 4404 bus
900 4343 965 4404 et
1014 4332 1501 4405 successoribus
1549 4334 2115 4403 irretractabiliter
2166 4340 2228 4403 et
2276 4335 2794 4409 irreuocabiliter
2847 4343 2992 4409 iure

742 4451 1062 4533 perpetuo
1093 4444 1539 4532 possidenda,
1590 4445 1922 4530 prenotati
1955 4451 2173 4510 autem
2205 4446 2463 4513 nobiles
2496 4448 2776 4516 iuuenes
2798 4501 2818 4535 ,
2854 4472 2992 4519 ma-

737 4556 948 4641 gister
977 4556 1381 4623 Laurencius
1413 4558 1479 4618 et
1509 4553 1662 4619 Phs.
1697 4558 2039 4619 cesserunt
2070 4558 2135 4618 et
2165 4557 2636 4623 renunciarunt
2675 4562 2860 4628 omni
2890 4561 2996 4629 liti

737 4672 821 4730 et·
834 4662 1087 4733 accioni
1121 4682 1260 4750 sue,
1296 4681 1490 4745 quam
1524 4661 1694 4728 forte
1727 4679 1898 4726 nunc
1930 4658 2040 4727 uel
2073 4659 2140 4724 in
2172 4667 2521 4748 posterum,
2572 4666 2844 4737 racione
2876 4669 2994 4736 hu-

736 4771 838 4838 ius
869 4773 1192 4858 porcionis
1241 4778 1414 4840 terre
1451 4770 1697 4838 collate
1748 4767 1816 4834 in
1847 4768 2165 4853 Koporna
2211 4768 2534 4841 aduersus
2568 4776 2845 4846 eosdem
2880 4778 2995 4846 do·
