3416 5313
1429 460 1464 465 ‚f
1526 366 1649 465 131
1703 460 1745 466 f-

465 566 675 652 Guda,
711 567 968 634 Thoma
989 567 1072 633 de
1091 565 1341 632 Sancta
1361 565 1587 648 cruce,
1615 567 1840 648 Paulo,
1864 565 2134 651 Welich‚
2157 570 2382 636 Mathe
2416 576 2482 637 et
2513 572 2706 653 Gold,

465 674 900 742 seruientibus
935 673 1076 739 suis
1109 673 1198 739 ad
1230 675 1454 742 uillam
1489 695 1673 741 suam
1706 674 1895 740 Zilna
1927 682 2231 742 uocatam
2269 680 2540 744 armatis
2573 699 2706 745 ma-

463 786 658 853 nibus
693 784 1018 852 ueniendo
1057 784 1532 864 destruxisset,
1591 788 1938 867 dampnum
1981 784 2486 870 quingentarum
2539 807 2703 853 mar-

467 914 689 961 carum
721 894 786 957 in
819 892 972 976 ipsa
1023 892 1478 959 destruccione
1513 893 1723 957 cidem
1766 891 2063 960 faciendo
2087 943 2102 973 ‚
2141 893 2305 959 duos
2357 896 2566 963 eciam
2593 895 2704 980 jo-

465 1003 781 1086 bagiones
817 1021 1004 1082 suos,
1043 1000 1298 1065 scilicet
1343 1001 1601 1082 Petrik,
1660 1008 1726 1064 et
1763 996 2024 1066 Enchik
2058 1008 2326 1067 uocatos
2377 1004 2443 1069 in
2479 1003 2708 1070 eadem

464 1111 624 1177 uilla
658 1111 1081 1196 captiuasset,
1107 1110 1608 1194 captivatosque
1642 1130 1859 1175 secum
1887 1109 2290 1194 abduxisset,
2316 1110 2525 1179 occidi
2561 1131 2705 1181 eos-

468 1221 618 1286 dem
650 1217 996 1302 faciend03
1033 1217 1274 1284 adiecit
1308 1218 1536 1299 eciam,
1574 1216 1745 1298 quod
1779 1217 1845 1281 in
1880 1217 2167 1285 crastino
2202 1217 2378 1284 facta
2417 1220 2704 1288 destruc·

467 1329 660 1395 cione
691 1326 893 1411 ijdem
928 1323 1139 1407 Guda,
1174 1325 1488 1402 Thomas,
1521 1327 1767 1391 Paulus
1790 1376 1808 1409 ,
1843 1325 2099 1393 Welich
2121 1375 2137 1407 ‚
2182 1326 2404 1391 Mathe
2438 1333 2503 1393 et
2536 1325 2709 1394 Gold

469 1443 888 1518 reuertentes,
925 1439 1140 1501 omnia
1163 1485 1178 1511 ,
1217 1454 1341 1518 que
1374 1436 1440 1499 in
1475 1436 1623 1519 ipsa
1656 1434 1816 1501 uilla
1854 1442 2006 1521 post
2058 1436 2571 1504 destruccionem
2604 1456 2708 1503 eo·

464 1547 757 1614 rumdem
791 1551 1262 1628 remanserant,
1296 1543 1618 1609 uiolenter
1637 1541 2016 1627 recipiendo
2050 1545 2501 1613 abstulissent.
2540 1545 2709 1612 Con-

466 1663 569 1725 tra
598 1674 793 1739 quem
825 1653 997 1719 idem
1021 1652 1253 1720 Comes
1277 1653 1650 1736 Stephanus
1672 1653 2098 1736 respondens,
2134 1652 2352 1719 omnia
2386 1654 2711 1737 premissa

466 1786 538 1832 se
569 1764 807 1830 fecisse
858 1761 1247 1845 denegauit‚
1302 1766 1576 1848 excepto
1610 1780 1725 1843 ec,
1779 1760 1951 1843 quod
1984 1762 2224 1827 dixerit
2272 1782 2466 1848 super
2500 1769 2708 1831 morte

463 1872 742 1959 predicti
789 1870 1019 1937 Petrik
1071 1890 1144 1935 se
1197 1870 1457 1937 omnino
1509 1870 1973 1937 concordasse.
2029 1871 2168 1935 Nos
2218 1871 2412 1953 igitur
2463 1872 2708 1937 auditis

464 1981 761 2066 parcium
782 1978 1344 2064 proposicionibus
1372 1976 1797 2062 decreuimus,
1837 1978 2006 2063 quod
2027 1977 2195 2045 idem
2222 1979 2459 2046 Comes
2482 1981 2710 2046 B1ther

464 2091 531 2155 in
565 2088 815 2156 octauis
852 2087 1078 2153 Sancti
1110 2087 1371 2154 Martini
1425 2105 1639 2153 coram
1679 2087 1978 2169 Capitulo
2014 2086 2455 2171 Strigoniensi
2488 2089 2709 2156 accio-

463 2216 611 2265 nem
645 2216 828 2263 suam
860 2195 1281 2280 prehabitam
1305 2194 1583 2261 testibus
1619 2193 1863 2261 debeat
1887 2196 2314 2279 conprobare,
2356 2202 2421 2261 et
2452 2216 2707 2263 rursum

467 2307 691 2391 quinto
745 2304 998 2372 decimo
1049 2303 1155 2369 die
1188 2323 1231 2370 a
1278 2301 1720 2389 produccione
1767 2306 2029 2370 testium
2066 2313 2292 2389 partes
2346 2325 2566 2373 coram
2599 2329 2708 2375 no-

466 2416 568 2483 bis
602 2413 1107 2499 comparebunt,
1159 2414 1425 2479 nomina
1457 2417 1524 2476 et
1555 2412 1738 2480 dicta
1771 2413 2028 2478 testium
2083 2431 2346 2481 suorum
2385 2414 2556 2481 idem
2591 2415 2710 2482 Co-

466 2545 606 2592 mes
638 2526 866 2592 Bither
898 2525 962 2590 in
999 2523 1237 2592 litteris
1290 2524 1585 2590 eiusdem
1622 2523 1911 2608 Capituli
1945 2544 2164 2591 coram
2214 2525 2403 2591 nobis
2439 2525 2708 2592 exhibe-

466 2633 580 2718 bit,
615 2638 680 2699 et
712 2633 943 2700 eodem
1000 2631 1108 2698 die
1141 2632 1317 2699 idem
1351 2632 1585 2700 Comes
1638 2632 2016 2718 Stephanus
2070 2633 2408 2702 exhibebit
2455 2633 2711 2702 litteras

466 2763 644 2831 suas,
681 2744 737 2806 si
770 2761 933 2825 quas
966 2741 1167 2809 habet
1214 2762 1410 2829 super
1445 2762 1520 2809 eo
1547 2793 1562 2824 ‚
1619 2742 1799 2824 quod
1830 2762 2028 2828 super
2057 2750 2266 2810 morte
2299 2743 2526 2812 Petrik
2560 2766 2709 2812 con-

467 2852 843 2935 cordasset,
900 2872 1046 2918 cum
1079 2849 1330 2918 Comite
1365 2850 1588 2917 Bither
1639 2857 1882 2918 etcum
1933 2850 2335 2937 aduersarijs
2390 2852 2707 2936 eiusdem,

467 2961 701 3045 quibus
733 2958 1039 3025 exhibitis
1062 2960 1224 3024 inter
1257 2961 1436 3045 ipsos
1460 2961 1910 3026 decernemus.
1947 2958 2189 3027 Datum
2210 2958 2393 3025 Bude
2422 2965 2489 3028 in
2526 2962 2707 3045 quin—

469 3070 642 3137 dena
676 3067 903 3137 Sancti
935 3068 1135 3152 Regis
1171 3068 1507 3152 Stephani.

681 3233 895 3299 Jeqyzet.
936 3228 1334 3299 Borhartyara
1359 3227 1496 3285 irott
1533 3229 1656 3285 zart
1683 3228 1870 3298 level,
1910 3231 2179 3303 melynek
2205 3230 2503 3300 behajtott
2541 3228 2706 3305 vege,

466 3320 680 3378 azutan
718 3320 867 3389 eleje
904 3319 1202 3377 fektetven
1245 3321 1548 3395 egymasra
1570 3364 1585 3392 ‚
1635 3325 1790 3378 mind
1830 3341 1865 3378 a
1903 3321 2102 3380 harom
2139 3322 2377 3397 retegen
2415 3324 2708 3380 keresztfll

464 3419 607 3471 vont
631 3408 1075 3484 hartyakiitelek
1105 3411 1226 3468 mar
1267 3410 1511 3486 egeszen
1540 3410 1746 3481 eltiint‚
1774 3414 1953 3469 kerek
1991 3411 2275 3485 pecsettel
2316 3414 2435 3470 volt
2454 3414 2706 3485 lepecsd·

464 3504 636 3562 telve.
662 3504 933 3561 Hatitata
962 3521 1028 3560 ez
1058 3525 1070 3558 :
1111 3522 1216 3575 pro
1244 3502 1465 3561 Comite
1505 3503 1796 3577 Stephano
1836 3512 2036 3564 contra
2075 3504 2354 3562 Comitem
2393 3505 2612 3563 Bither.
2650 3507 2702 3562 A

463 3594 679 3653 kekkffi
703 3592 1064 3655 leveltarban
1092 3630 1109 3639 -
1137 3595 1304 3652 Fasc.
1335 3599 1383 3651 1.
1414 3595 1551 3652 Nro.
1577 3595 1628 3649 3.
1668 3584 1858 3670 Erdy.)

1323 3886 1518 3896 w----
1537 3891 1544 3892 ἶ
1583 3890 1598 3894 ,
1665 3887 1847 3895 —...--—-
