3416 5313
1455 362 1544 430 87

365 558 579 626 Paulo
609 557 744 626 filio
795 558 1029 628 Cosme
1060 567 1128 627 et
1175 560 1443 630 domine
1475 561 1663 626 uxori
1697 579 1815 628 sue
1839 610 1859 648 ,
1909 559 2198 630 Oliuerio
2231 566 2297 628 et
2333 562 2619 631 Jonanni

371 669 734 738 antedictis
767 689 884 739 sex
916 692 1176 740 marcas
1195 724 1215 758 ,
1252 692 1415 757 quas
1449 691 1566 741 sex
1598 690 1859 739 marcus
1889 673 2167 740 latorum
2199 670 2618 738 denariorum
2661 658 2664 661 ⁷

363 775 836 846 Viennensium
870 778 1091 865 yjdem
1126 778 1297 868 (igy)
1330 779 1584 849 nobiles
1618 778 1901 848 confessi
1932 786 2082 846 sunt
2112 781 2198 845 ab
2235 779 2485 848 eisdem
2521 780 2607 845 ci-

361 886 564 953 uibus
598 905 671 954 se
701 890 1037 976 recepisse
1067 889 1366 974 plenarie
1399 894 1464 955 et
1496 889 1766 975 habere,
1803 887 2157 974 obligando
2192 906 2304 974 se,
2337 886 2516 971 quod
2550 885 2609 953 si

360 996 510 1079 quis
544 1015 625 1063 ex
655 997 814 1083 ipsis
849 999 1178 1069 nobilibus
1208 1008 1324 1067 aut
1374 998 1643 1068 domina
1672 997 1887 1067 Floris
1940 996 2247 1083 predicta
2288 1014 2605 1085 processu

359 1111 730 1191 temporum
780 1107 1049 1176 eosdem
1100 1111 1275 1176 ciues
1322 1107 1666 1177 vniuersos
1717 1109 1823 1174 vel
1871 1105 2127 1190 aliquos
2196 1127 2279 1173 ex
2333 1105 2431 1173 eis
2482 1123 2606 1193 pro

359 1221 575 1283 morte
605 1215 903 1301 predicta
951 1222 1374 1305 attemptaret
1423 1220 1775 1286 molestare
1794 1266 1811 1299 ,
1865 1222 2122 1283 extunc*
2149 1221 2305 1283 ante
2338 1214 2470 1282 litis
2504 1213 2606 1281 in-

359 1342 665 1410 gressum
699 1325 860 1408 ipsis
895 1322 1162 1394 Ciuibus
1210 1326 1468 1393 soluere
1500 1323 1816 1391 deberent
1847 1324 2046 1411 ijdem
2089 1323 2342 1391 nobiles
2376 1322 2611 1391 decem

354 1451 640 1502 marcas.
673 1432 748 1499 In
782 1433 967 1501 cuius
1001 1435 1096 1503 rei
1119 1435 1554 1501 testimonium
1577 1434 1666 1501 ad
1694 1434 2063 1523 peticiones
2095 1433 2435 1516 utriusque
2457 1450 2603 1517 par-

355 1540 445 1609 tis
478 1546 743 1611 nostras
776 1544 1225 1613 concessimus
1257 1545 1506 1614 litteras
1554 1543 1760 1630 sigilli
1792 1544 2000 1611 nostri
2032 1541 2388 1610 munimine
2419 1541 2609 1608 robo-

349 1656 557 1719 ratas.
608 1653 850 1721 Datum
898 1673 1071 1723 anno
1102 1652 1366 1723 Domini
1415 1654 1760 1722 millesimo
1812 1651 2262 1721 ducentesimo
2311 1667 2604 1735 nonage-

356 1761 525 1830 simo
562 1761 679 1829 III.

854 1874 930 1939 A.
1082 1907 1086 1912 ·
1148 1874 1224 1940 Β.
1442 1870 1514 1939 G.
1728 1872 1817 1940 D.
2037 1870 2114 1937 E.

354 2104 812 2180 (Elrongyollott
835 2102 1088 2179 hdrtydn
1129 2104 1267 2177 szep
1294 2106 1435 2179 apro
1460 2104 1758 2163 betiikkel.
1802 2102 2073 2175 Hdrtyain
2116 2100 2260 2177 fflgg
2285 2119 2323 2157 a
2370 2097 2502 2175 meg
2528 2098 2599 2171 dp

353 2194 561 2270 pecset
581 2198 647 2252 is.
674 2195 1251 2268 Pozsonykziptalani
1279 2195 1550 2269 orszfigos
1591 2193 1842 2251 leveltdr
1879 2194 2076 2267 Capsa
2119 2192 2276 2249 XIV.
2320 2192 2490 2249 Fasc-
2514 2190 2600 2245 22.

354 2287 494 2344 Nro.
518 2286 571 2345 3.
594 2288 677 2342 ΕΖ
704 2305 774 2344 az
792 2287 916 2344 elsb'
934 2290 971 2345 5
997 2286 1261 2360 elvzigott
1280 2287 1562 2346 betiikkel
1574 2287 1746 2357 Jelelt
1764 2285 2036 2357 okmziny,
2061 2284 2214 2357 mely
2232 2283 2435 2341 kezem
2451 2279 2602 2337 1:626

353 2377 566 2435 keriilt.
592 2378 900 2435 Rendesen
928 2379 1069 2435 csak
1095 2379 1164 2433 A.
1189 2378 1257 2434 B.
1285 2377 1347 2434 O.
1375 2379 1607 2435 szokott
1632 2376 1790 2434 lenni
1817 2392 1844 2430 s
1869 2374 2038 2445 neha,
2064 2372 2398 2445 kivetelkep
2425 2370 2481 2428 D
2507 2373 2597 2442 ἰις

780 2469 852 2524 itt
873 2466 1209 2543 pedigjmeg
1233 2469 1283 2525 E
1307 2470 1357 2525 is
1384 2485 1500 2527 van
1524 2463 1710 2527 Βοιώ
1730 2465 1901 2525 advo.
1938 2462 2168 2536 Knauz.)
