3416 5313
1799 462 1812 467 -
1831 371 1929 467 ,30

1824 1009 1944 1076 20.

778 1225 906 1292 111.
939 1224 1154 1288 Eadm
1184 1222 1397 1310 kirdly
1431 1225 1640 1289 Βόηθε
1687 1212 1903 1309 qra'fot
1932 1174 2103 1289 ,ωας
2119 1227 2248 1309 fiat
2300 1225 2574 1289 Βαᾱυάη
2624 1225 2826 1289 birtok
2843 1224 3010 1310 ferez

1400 1335 1493 1398 vel
1525 1333 1988 1420 adomdnyozza
2022 1356 2174 1419 mes).
2211 1335 2404 1399 1291.

986 1531 1287 1598 Andreas
1307 1532 1433 1598 Dei
1453 1532 1672 1614 gratia
1693 1531 2051 1617 Hungarie,
2074 1531 2434 1615 Dalmacie,
2459 1529 2753 1614 Oroacie‚
2781 1532 3007 1614 Rame,

775 1637 1039 1722 Servie,
1070 1639 1409 1718 Gallicie,
1465 1638 1889 1725 Lodomerie‚
1943 1640 2301 1720 Cumanie,
2353 1639 2789 1722 Bulgarieque
2845 1640 3005 1719 Rex,

777 1749 1073 1815 omnibus
1135 1748 1378 1814 Christi
1429 1747 1739 1814 fidelibus
1790 1756 2157 1834 presentem
2219 1750 2529 1832 paginam
2592 1747 3009 1832 inspecturiS,

780 1858 1060 1922 salutem
1098 1857 1178 1933 in
1211 1876 1328 1943 eo,
1382 1860 1491 1939 qui
1526 1863 1628 1921 est
1680 1877 1840 1924 vera
1882 1860 2082 1925 saluS.
2131 1857 2321 1934 Quod
2354 1857 2561 1939 Regia
2613 1856 3010 1922 auctoritate

775 1965 1103 2051 sancitur,
1155 1972 1470 2051 perpetuo
1503 1965 1800 2030 innititur
1850 1964 2274 2031 fundamento
2326 1964 2668 2031 firmitatis.
2724 1965 3011 2030 Proinde
3051 1991 3059 2002 ¹

775 2073 863 2138 ad
916 2073 1365 2138 vniuersorum
1415 2073 1729 2139 noticiam
1779 2073 2010 2138 harum
2061 2073 2234 2138 serie
2264 2073 2558 2139 volumus
2616 2073 3010 2157 peruenire:

776 2182 951 2263 quod
990 2182 1214 2247 Comes
1268 2179 1620 2264 Dyonisius
1674 2181 1846 2247 filius
1881 2182 2045 2248 Jurk
2079 2181 2141 2244 in
2193 2190 2416 2247 nostre
2449 2181 2825 2266 Majestatis
2858 2199 3008 2266 pre·

775 2289 1005 2355 sencia
1054 2288 1447 2354 constitutus
1498 2289 1731 2354 humili
1776 2290 2215 2376 suplicacione
2272 2309 2314 2352 a
2363 2295 2585 2353 nostra
2638 2288 3013 2354 Serenitate

773 2398 1156 2484 postulauit,
1193 2404 1264 2462 vt
1301 2396 1773 2464 dimidietatem
1828 2404 1997 2462 terre
2032 2397 2373 2483 Raduana,
2425 2399 2606 2482 cujus
2641 2398 2840 2462 aliam
2878 2416 3013 2462 me-

774 2504 1084 2570 dietatem
1118 2505 1439 2571 Dominus
1476 2510 1617 2573 Rex
1651 2504 2005 2571 Ladislaus
2038 2505 2254 2571 felicis
2287 2506 2768 2571 recordacionis
2802 2504 3010 2569 frater

772 2620 993 2680 noster
1042 2614 1356 2699 patruelis
1409 2613 1741 2680 mediante
1793 2633 1909 2680 suo
1969 2612 2321 2699 priuilegio
2392 2611 2601 2680 eidem
2656 2612 3016 2678 dinoscitur

774 2721 1133 2787 contulisse
1157 2772 1174 2804 ‚
1227 2711 1419 2805 prout
1451 2722 1517 2787 in
1556 2723 1850 2807 eJusdem
1884 2720 2131 2787 domini
2164 2719 2467 2787 Ladislai
2513 2721 2713 2805 Regis
2753 2721 3010 2804 priuiie-

776 2830 884 2914 gio
919 2830 1110 2894 nobis
1146 2830 1437 2895 exhibito
1473 2829 1758 2895 vidimus
1792 2829 2130 2910 contineri,
2168 2831 2357 2894 simul
2381 2814 2523 2893 cum
2559 2830 2748 2893 terris
2789 2828 3013 2910 pisca·

778 2946 988 3006 torum
1020 2946 1410 3024 nostrorum,
1461 2958 1584 3022 que
1617 2946 1835 3004 nostre
1868 2941 2197 3022 pertinent
2230 2939 2600 3021 Majestatis
2636 2938 3009 3023 collacioni‚

780 3049 979 3113 misso
1012 3046 1273 3113 homine
1307 3053 1529 3113 nostro
1579 3047 1774 3114 metis
1807 3046 2136 3113 distinctis
2179 3047 2389 3113 eidem
2442 3046 2741 3111 conferre
2776 3045 3012 3127 digna—

779 3173 1011 3220 remur.
1047 3156 1183 3221 Nos
1216 3156 1415 3238 igitur
1449 3155 1872 3221 attendentes
1924 3154 2275 3221 fidelitates
2310 3163 2372 3218 et
2422 3153 2704 3220 seruicia
2752 3154 3015 3220 merito-

780 3264 880 3327 ria
910 3261 1199 3329 eiusdem
1252 3261 1525 3327 Comitis
1559 3262 1844 3328 Dionisii
1862 3311 1879 3344 ,
1933 3281 2058 3344 que
2089 3262 2273 3330 nobis
2307 3261 2373 3325 in
2407 3262 2704 3328 omnibus
2744 3261 3012 3345 expedi·

780 3370 1076 3439 cionibus
1102 3372 1344 3438 nostris
1379 3379 1443 3435 et
1474 3371 1683 3453 Regni
1735 3371 1944 3436 nostri
1976 3389 2121 3436 cum
2169 3368 2423 3432 feruore
2459 3387 2758 3453 supreme
2792 3369 3014 3435 fideli-

678 3493 681 3496 ’
781 3479 942 3546 tatis
997 3477 1413 3544 laudabiliter
1462 3474 1782 3559 impendit
1817 3480 1883 3540 et
1914 3475 2166 3559 deuote,
2200 3495 2330 3538 non
2360 3477 2686 3558 parcendo
2741 3477 2879 3541 suis
2916 3498 3013 3543 re-

777 3589 900 3654 bus
935 3595 1049 3652 aut
1081 3605 1382 3671 persone,
1415 3584 1812 3671 peticionem
1835 3583 2130 3669 ejusdem
2150 3622 2236 3630 --
2263 3619 2334 3628 —-—
2365 3584 2554 3651 ——de
2587 3605 2913 3655 consensu
2948 3597 3017 3656 et

777 3694 1053 3762 consilio
1085 3692 1560 3761 venerabilium
1615 3697 1875 3776 patrum
1909 3691 2157 3759 domini
2190 3690 2558 3757 Lodomerii
2598 3694 3015 3778 Strigonien-

776 3802 868 3867 sis
920 3808 984 3867 et
1031 3800 1352 3869 Johannis
1405 3800 1788 3869 Colocensis
1838 3801 1965 3867 Dei
2028 3798 2257 3884 gracia
2325 3799 3012 3889 Archiepiscoporum,

775 3907 1109 3977 Dominici
1157 3910 1458 3996 Magistri
1490 3909 2005 3977 Tauarnicorum
2052 3915 2419 3973 nostrorum
2454 3916 2517 3973 et
2549 3910 2851 3991 magistri
2883 3914 3015 3979 De-

779 4016 995 4084 metrii
1027 4016 1300 4083 Oomitis
1334 4016 1418 4082 de
1447 4017 1673 4082 Zolum
1695 4066 1713 4098 ‚
1766 4037 1886 4082 nec
1919 4037 2046 4082 non
2080 4024 2145 4081 et
2183 4013 2458 4079 aliorum
2495 4015 2829 4084 Baronum
2881 4042 3013 4087 no-

779 4131 1061 4192 strorum
1092 4126 1444 4191 admittere
1498 4127 1565 4191 in
1599 4126 1939 4209 premissis
1991 4144 2136 4190 cum
2171 4122 2401 4189 effectu
2434 4123 2732 4192 volentes
2784 4131 3013 4193 statui-

778 4254 936 4308 mus,
974 4241 1042 4297 vt
1075 4234 1222 4321 ipse
1253 4232 1378 4299 due
1411 4232 1857 4300 dimidietates
1911 4253 2030 4299 seu
2062 4242 2284 4315 partes
2319 4238 2489 4296 terre
2525 4232 2879 4319 Raduana,
2917 4238 3013 4302 si-

777 4344 910 4408 mul
941 4363 1087 4409 cum
1120 4343 1271 4409 aliis
1322 4342 1662 4427 particulis
1706 4343 1791 4407 de
1825 4344 2017 4407 terris
2049 4340 2442 4425 piscatorum
2494 4346 2860 4408 nostrorum
2898 4333 3015 4410 ad·

778 4451 952 4532 ditis,
988 4473 1103 4535 per
1152 4451 1534 4535 magistrum
1568 4453 1874 4517 Alexium
1904 4453 2052 4514 aule
2088 4457 2306 4513 nostre
2358 4446 2614 4513 fidelem
2665 4451 3012 4518 Notarium

781 4569 846 4624 et
894 4560 1267 4644 Philippum
1322 4558 1830 4626 vice—Comitem
1897 4557 1978 4622 de
2027 4558 2296 4623 Zouium
2347 4554 2754 4620 reambulate
2817 4563 3013 4627 metis

779 4666 1121 4757 distinctis,
1174 4667 1384 4735 eidem
1437 4667 1673 4734 Comiti
1721 4668 2055 4750 Dionisi0,
2111 4664 2355 4728 Thome
2410 4667 2475 4725 et
2524 4662 2799 4729 Nicolao
2852 4666 3013 4734 filiis
