3416 5313
1336 384 1509 478 „11²

348 582 554 647 nabus
605 588 668 645 et
720 600 942 645 earum
998 581 1485 646 successoribus
1535 586 1839 664 pretextu
1888 578 2332 664 predictarum
2386 582 2593 648 trium

347 688 684 769 villarum,
720 689 1004 753 babituri
1039 689 1118 753 de
1157 694 1369 754 cetero
1404 689 1748 753 materiam
1785 689 2188 771 questionis,
2228 711 2368 757 cum
2404 710 2596 777 super

346 797 467 863 hoc
501 798 773 862 articulo
798 798 1175 880 specialiter
1198 798 1407 862 omnis
1430 799 1691 887 occasio
1721 795 2060 880 repetendi
2084 803 2149 864 et
2188 798 2582 885 procedendi

347 904 444 968 eis
478 904 565 969 ad
599 924 872 989 presens
902 913 967 971 et
998 906 1065 971 in
1117 912 1450 991 posterum
1504 906 1832 973 exstiterit
1871 914 2232 991 amputata.
2289 909 2364 973 In
2402 909 2586 976 cuius

348 1013 444 1078 rei
476 1011 841 1080 firmitatem
877 1022 943 1080 et
975 1016 1350 1083 memoriam
1405 1015 1873 1103 sempiternam
1900 1066 1916 1096 ‚
1953 1024 2295 1099 presentes
2332 1018 2583 1084 litteras

350 1120 442 1187 ad
480 1120 873 1204 peticionem
927 1129 992 1188 et
1042 1124 1435 1191 instanciam
1486 1124 1780 1208 parcium
1836 1122 2316 1208 predictarum,
2365 1133 2589 1190 nostro

353 1229 575 1313 sigillo
611 1228 910 1297 dedimus
966 1231 1419 1298 communitas.
1472 1234 1713 1299 Datum
1748 1253 1866 1316 per
1896 1253 2125 1299 manus
2168 1233 2432 1300 discreti
2464 1232 2594 1298 viri

355 1338 653 1422 magistri
705 1339 1023 1426 Cypriani
1072 1341 1366 1406 Ecclesie
1419 1349 1640 1409 nostre
1692 1343 2024 1425 Lectoris,
2099 1361 2269 1407 anno
2329 1340 2592 1409 Domini

345 1447 447 1513 M⁰
480 1448 619 1516 00⁰
652 1450 1102 1533 nonagesimo,
1134 1450 1347 1536 pridie
1381 1448 1813 1518 kalendarum
1847 1450 2032 1549 Julij.

566 1628 785 1696 Jeqyzee.
830 1626 1178 1698 Boi-hartya„
1216 1627 1482 1697 melynek
1511 1626 1633 1683 ahil
1656 1626 1959 1699 folhajtott
1975 1626 2396 1685 hasadekaibol
2424 1632 2595 1685 votos

349 1714 414 1771 es
442 1712 615 1785 sarga
642 1719 867 1773 sodrott
893 1716 1205 1789 selyemrtil
1228 1716 1463 1790 fiiggott
1487 1718 1722 1789 pecsete
1750 1719 1957 1776 eltiint.
1986 1720 2368 1792 Wigmannus
2399 1719 2596 1791 annyi‚

353 1806 502 1860 mint
525 1805 772 1879 Vigman
796 1848 809 1876 ‚
849 1809 1054 1880 Igman
1082 1810 1453 1881 szemelynev
1475 1854 1488 1881 ‚
1518 1807 1579 1866 es
1608 1810 1899 1883 Vigmand
1923 1856 1937 1883 ,
1974 1811 2218 1885 Igmand
2245 1811 2517 1885 helynev.
2544 1812 2597 1867 A

351 1895 570 1952 kekko'i
595 1896 975 1957 leveltarban.
1003 1900 1170 1958 Fasc.
1203 1904 1249 1957 1.
1276 1900 1345 1957 N.
1371 1904 1423 1959 5.
1473 1890 1636 1971 Ιῗνάῃ.

1230 2199 1347 2207 -——-—
1432 2201 1727 2208 amm-*m

1432 2755 1523 2821 n.

358 2969 416 3034 A
458 2972 761 3056 pozso‘nyi
805 2970 1108 3055 kdptalava
1163 2969 1674 3055 bizonysdqlevcle
1697 3020 1712 3049 ‚
1767 2967 1924 3055 leoqy
1965 2970 2342 3056 Kundrussy
2388 2971 2594 3034 Βόηθε

359 3077 607 3166 Miha‘ly
626 3081 786 3142 nevil
812 3077 1135 3165 szolydjdt‚
1155 3079 1246 3142 leit
1276 3083 1414 3141 mciv·
1446 3076 1611 3141 elb'bb
1643 3076 2103 3162 elzciloqosz'tott,
2129 3078 2460 3162 Miko'nak,
2483 3080 2599 3145 Pe'-

1056 3197 1147 3249 ter
1157 3186 1387 3270 fici-nale
1423 3185 1649 3250 cladta.
1699 3187 1893 3249 1290.

997 3405 1071 3469 A.
1288 3404 1363 3468 B.
1583 3402 1655 3466 C.
1874 3401 1954 3468 D.

575 3603 914 3672 Vniuersis
937 3600 1180 3668 Christi
1210 3600 1516 3667 fidelibus
1549 3607 1889 3685 presentes
1923 3599 2177 3668 litteras
2209 3602 2598 3687 inspecturis

369 3711 747 3800 Capitulum
781 3711 1075 3778 Ecclesie
1110 3711 1531 3777 Posoniensis
1584 3701 1862 3776 salutem
1894 3711 1960 3776 in
1995 3711 2290 3779 Domino.
2326 3712 2431 3778 Ad
2465 3712 2600 3777 vni-

368 3842 694 3889 ucrsorum
716 3821 1025 3886 noticiam
1046 3826 1268 3889 tenore
1289 3820 1695 3903 presencium
1716 3823 2013 3887 uolumus
2034 3821 2399 3905 peruenire,
2425 3820 2601 3902 quod

370 3931 743 3997 Bartholom
755 3950 831 3995 eo
854 3928 985 3996 filio
1005 3931 1220 3996 Pasca
1242 3930 1322 3994 de
1348 3929 1733 4015 Cundrussy
1755 3929 1942 3993 simul
1965 3947 2106 3995 cum
2129 3927 2261 3996 filio
2285 3948 2399 3994 suo
2422 3927 2599 4015 Dyo-

371 4039 542 4106 nisio
578 4039 837 4106 nomine
871 4059 986 4121 pro
1022 4056 1091 4101 se
1127 4044 1191 4104 et
1222 4035 1341 4120 pro
1374 4037 1526 4120 alijs
1564 4038 1818 4104 duobus
1854 4036 2005 4104 filiis
2045 4038 2181 4102 suis
2215 4037 2598 4103 Alexandro

370 4156 436 4213 et
466 4149 743 4213 Nicolao
777 4148 859 4212 ab
897 4167 1021 4209 una
1057 4152 1266 4230 parte,
1288 4145 1511 4212 Mikov
1543 4145 1676 4211 filio
1700 4146 1897 4228 Petri,
1933 4164 2051 4230 pro
2074 4146 2431 4212 Benedicto
2465 4144 2599 4211 filio

372 4258 435 4321 M
440 4256 651 4322 ancha
684 4255 766 4321 de
802 4254 972 4320 Gala
1007 4256 1088 4319 ab
1124 4254 1335 4320 altera
1367 4236 1744 4320 constitutis
1765 4252 2200 4338 personaliter
2233 4271 2453 4319 coram
2483 4273 2597 4319 no·

371 4367 492 4446 bis,
530 4362 699 4429 idem
735 4360 1234 4428 Bartholomeus
1269 4367 1373 4426 est
1405 4359 1748 4427 confessus
1771 4410 1787 4443 ‚
1841 4361 2014 4443 quod
2048 4381 2191 4427 cum
2243 4361 2599 4427 secundum

371 4471 845 4539 continenciam
897 4471 1258 4535 litterarum
1313 4476 1680 4534 nostrarum
1735 4470 2218 4553 memoralium,
2256 4468 2600 4552 quemdam

373 4601 633 4650 seruum
685 4600 866 4645 suum
923 4576 1387 4646 hereditarium
1410 4629 1428 4662 ,
1482 4578 1652 4644 sicut
1689 4578 1893 4666 dixit,
1951 4580 2212 4647 nomine
2259 4577 2599 4644 Micaelem

371 4691 572 4757 filium
604 4688 820 4776 Syck,
872 4689 1134 4774 prefato
1166 4688 1524 4756 Benedicto
1547 4737 1563 4770 ‚
1614 4709 1734 4775 pro
1768 4688 1997 4774 viginti
2030 4686 2252 4770 pensis
2306 4686 2600 4751 denario·

478 4834 681 4876 nonum.
704 4833 862 4875 nnnc.
884 4834 1018 4874 msr.
1029 4853 1084 4861 -
1096 4832 1235 4873 nm„
1257 4834 1323 4880 ιο,
2243 4814 2284 4879 2
