3416 5313
1349 445 1658 543 „Agl—m

389 644 620 710 merito
654 644 1023 730 promereri.
1058 645 1298 708 Datum
1336 642 1536 708 Rome
1557 643 1737 728 apud
1773 642 2089 709 Sanctum
2112 642 2376 709 Petrum
2409 642 2629 707 kalen-

390 752 497 818 dis
529 749 685 836 Maji
714 803 729 833 ,
765 750 1187 818 Pontificatus
1222 753 1427 818 nostri
1464 772 1636 816 anno
1671 760 1919 833 quart0.

384 948 563 1019 (VIII.
601 946 878 1004 Bonifacz
919 949 1075 1020 papa
1121 947 1500 1021 Regestaibol
1546 948 1805 1004 Theiner
1848 950 2225 1006 Monumenta
2264 946 2376 1003 stb.
2415 948 2459 1002 Ι.
2504 945 2632 1001 kot.

1401 1035 1610 1107 381.1.)

1244 1339 1308 1348 0--
1317 1340 1571 1348 ——n-——--
1584 1340 1793 1350 *—

1420 1855 1568 1921 1²¹2.

400 2073 563 2138 Tobb
617 2075 789 2138 e'rsek
844 2075 904 2137 e's
952 2075 1196 2161 piisp'o‘k
1244 2071 1495 2158 yyz'llefse
1547 2071 1878 2136 Romdba‘n
1927 2093 1966 2133 a
2003 2073 2311 2155 seyesvdri
2357 2068 2640 2136 d‘o'mesek

694 2181 1047 2268 templomdt
1078 2180 1464 2267 terjedelmes
1495 2181 1806 2245 bucsuban
1835 2180 2133 2244 re'szesiti.
2168 2180 2360 2245 1298.

606 2399 948 2467 Universis
972 2396 1219 2465 Christi
1248 2396 1552 2465 fidelibus
1587 2402 1932 2482 presentes
1966 2397 2219 2462 litteras
2250 2398 2634 2480 inspecturis

393 2526 513 2573 nos
544 2508 965 2574 miseratione
1002 2509 1248 2575 Divina
1268 2509 1469 2574 frater
1503 2506 1789 2573 Basilius
1809 2506 2381 2574 Jerosolimitanus
2414 2509 2636 2572 Arme-

396 2636 644 2705 norum,
667 2617 869 2684 frater
887 2618 1178 2685 Joannes
1212 2618 1270 2684 J.
1299 2616 1662 2683 Turitanus
1687 2615 2208 2701 Archiepiscopi,
2242 2614 2444 2681 frater
2478 2618 2637 2684 Mat-

391 2726 583 2794 theus
616 2727 1008 2810 Vegliensis,
1041 2727 1242 2793 frater
1272 2729 1660 2794 Lambertus
1682 2725 2098 2809 Aquinensis,
2129 2725 2336 2792 frater
2354 2726 2635 2813 Stepha-

399 2853 520 2901 nus
554 2837 943 2902 Balneorum
991 2869 1555 2884 —————
1589 2834 1791 2901 frater
1822 2835 2153 2902 Romanus
2194 2871 2279 2883 --
2313 2869 2398 2883 --
2432 2872 2521 2884 -—
2552 2874 2636 2885 —-

396 2929 608 3010 Adam
648 2943 1188 3027 MarturanensiS,
1216 2943 1448 3009 Lando
1470 2940 1850 3022 suanensis,
1875 2940 2172 3007 Andreas
2194 2940 2637 3011 Venefranen-

395 3053 488 3117 sis
517 3048 849 3137 Episcopi,
901 3052 1179 3117 salutem
1210 3049 1277 3115 in
1318 3048 1600 3116 Domino
1634 3049 2115 3134 sempiternam.
2168 3050 2491 3136 Splendor
2525 3073 2637 3139 pa-

395 3167 579 3227 terne
610 3159 845 3244 glorie,
897 3158 1008 3241 qui
1057 3180 1179 3226 sua
1230 3160 1541 3227 mundum
1595 3158 1924 3226 illuminat
1954 3158 2273 3226 ineffabili
2314 3163 2637 3249 claritate,

400 3267 515 3351 pia
547 3273 703 3332 vota
733 3266 1022 3333 fidelium
1072 3267 1154 3333 de
1209 3266 1721 3335 clementissima
1754 3266 1962 3352 ipsius
1995 3264 2343 3333 maiestate
2375 3287 2640 3351 speran-

395 3376 577 3460 tium,
610 3381 761 3442 tunc
810 3374 1119 3460 precipue
1169 3376 1451 3460 benigno
1502 3377 1727 3442 favore
1756 3375 2183 3460 prosequitur,
2219 3394 2363 3441 cum
2397 3376 2640 3447 devota

403 3486 696 3570 ipsorum
746 3481 1077 3550 humilitas
1129 3484 1511 3551 Sanctorum
1541 3485 1846 3570 precibus
1884 3490 1947 3550 et
1978 3484 2229 3551 meritis
2262 3483 2634 3552 adiuvatur.

403 3593 854 3679 Quapropter,
890 3594 1231 3678 cupientes
1263 3601 1332 3659 ut
1383 3592 1685 3659 Ecclesia
1719 3592 1994 3658 fratrum
2026 3592 2515 3660 Predicatorum
2557 3593 2638 3660 de

399 3700 829 3785 Schespurch,
865 3700 1474 3786 Wizzenburgensis
1514 3700 1827 3784 Diocesis,
1864 3700 2166 3785 congruis
2193 3701 2547 3769 honoribus
2598 3722 2641 3766 a

403 3807 649 3879 Christi
680 3808 983 3876 fidelibus
1026 3810 1489 3893 frequentetur,
1513 3816 1578 3874 et
1609 3810 2116 3893 frequentantes,
2140 3829 2258 3894 pro
2292 3810 2640 3897 temporali

399 3916 627 3985 labore
660 3917 860 3983 multa
892 3916 1144 3985 maiora
1194 3920 1505 3985 retribuet
1538 3937 1729 4001 quam
1765 3918 2030 3984 valeant
2075 3920 2475 4005 promereri;
2509 3940 2640 3985 om·

400 4026 595 4091 nibus
615 4017 767 4092 vere
787 4026 1232 4111 penitentibus
1268 4033 1333 4093 et
1364 4024 1707 4110 confessis,
1742 4026 1852 4109 qui
1884 4028 1970 4093 ad
2004 4025 2251 4093 dictam
2273 4027 2637 4096 Ecclesiam

406 4134 473 4200 in
505 4133 864 4200 festivitate
897 4135 1099 4201 Beate
1140 4135 1364 4218 Maric,
1401 4136 1466 4199 in
1501 4135 1682 4202 cuius
1717 4134 1961 4202 honore
1994 4134 2174 4202 dicta
2206 4137 2506 4206 Ecclesia
2540 4145 2642 4205 est

405 4247 804 4327 constructa,
842 4248 906 4307 et
936 4242 1008 4308 in
1041 4243 1341 4310 omnibus
1373 4243 1841 4310 festivitatibus
1874 4244 2281 4331 subscriptis,
2313 4243 2640 4314 videlicet.

400 4349 801 4433 Nativitatis,
853 4349 1413 4434 Resurrectionis,
1467 4353 1893 4420 Ascensionis
1943 4355 2200 4420 Domini
2232 4362 2297 4422 et
2326 4357 2640 4424 Penteco-

403 4465 578 4544 stes,
633 4477 754 4523 nec
807 4478 933 4524 non
984 4459 1362 4528 Nativitatis
1383 4509 1400 4544 ,
1436 4461 1940 4546 Purificationis‚
1979 4464 2542 4548 Annunciationis,
2576 4473 2644 4533 et

403 4567 894 4652 Assumpcionis
926 4570 1137 4637 Beate
1170 4570 1376 4638 Mario
1411 4570 1697 4656 Virginis
1735 4572 2053 4658 Gloriose,
2086 4573 2153 4639 in
2187 4594 2640 4642 commemora-

403 4677 581 4742 tione
613 4673 911 4744 Omnium
933 4679 1331 4765 Sanctorum,
1356 4679 1421 4743 in
1444 4680 1916 4749 festivitatibus
1949 4685 2429 4769 Apostolorum,
2465 4684 2640 4751 Petri

406 4793 470 4851 et
504 4787 688 4852 Pauli
763 4795 787 4850 t
822 4787 1099 4853 omnium
1136 4786 1303 4853 alior
1354 4810 1410 4852 m
1463 4789 1946 4874 Apostolorum,
1977 4796 2062 4867 ⁴et
2095 4810 2215 4874 per
2247 4798 2516 4861 octavas
2548 4793 2643 4880 ip-
