3416 5313
1881 371 1969 441 ⁹6

805 592 1010 680 sigilli
1039 589 1244 662 nostri
1273 588 1630 658 munimine
1658 588 2022 662 roboratas.
2058 590 2301 657 Datum
2333 585 2604 673 Posonij
2637 586 2928 658 secunda
2948 587 3040 656 fe·

799 702 900 770 ria
928 700 1225 787 proxima
1256 707 1412 768 ante
1441 701 1680 768 festum
1721 697 2027 768 Omnium
2060 699 2470 767 Sanctorum.

1192 914 1489 989 (Eredetie
1512 913 1784 988 Pozsony
1810 934 1886 973 sz.
1923 915 1979 971 k.
2006 912 2176 973 varos
2202 910 2646 983 leveltaraban.)

1873 1823 1978 1888 ol.

801 2024 930 2091 III.
964 2021 1182 2089 Endre
1210 2020 1423 2108 kirdly
1474 2018 1793 2086 Herkulin
1811 2020 2117 2108 pozsonyi
2146 2019 2418 2085 biro'nalc
2459 2019 2549 2085 Ml
2575 2019 3049 2107 szolqdlataiert

1336 2127 1614 2194 Misse'rd
1630 2126 1817 2213 salut
1848 2127 2295 2215 ajdndeskozza.
2329 2129 2523 2194 1294.

1015 2347 1319 2417 Andreas
1378 2346 1507 2415 Dei
1569 2347 1804 2433 gracia
1861 2347 2206 2435 Hungarie
2225 2398 2244 2433 ,
2297 2347 2680 2432 Dalmacie,
2746 2345 3043 2433 Oroacie,

803 2456 1010 2523 Rame
1028 2505 1046 2539 ,
1096 2457 1324 2524 Seruie
1344 2507 1363 2542 ,
1415 2457 1720 2540 Gallicie,
1774 2456 2186 2541 Lodomerie‚
2238 2454 2569 2543 Comanie,
2601 2456 3047 2542 Bulgarieque

805 2568 948 2632 Rex
998 2564 1298 2633 omnibus
1337 2563 1582 2632 Christi
1612 2562 1918 2632 fidelibus
1943 2571 2077 2631 tam
2110 2564 2551 2652 presentibus,
2585 2582 2782 2648 quam
2813 2563 3045 2630 futuris

806 2693 1083 2762 presens
1134 2674 1406 2761 sriptum
1454 2675 1851 2759 inspecturis
1901 2675 2182 2743 salutem
2236 2674 2305 2742 in
2342 2674 2628 2746 omnium
2681 2674 3029 2744 Saluatore

807 2780 1109 2870 R(egiam
1144 2783 1460 2851 condecet
1503 2781 1950 2869 Maiest)atem
1983 2785 2291 2869 precibus
2323 2783 2852 2852 condescendere
2896 2782 3045 2851 sub-

808 2892 1083 2961 ditorum
1138 2895 1424 2978 optatis,
1458 2891 1678 2961 horum
1714 2893 2017 2978 maxime,
2048 2895 2160 2981 qui
2209 2890 2337 2961 sibi
2385 2899 2679 2980 tempore
2727 2896 3046 2977 oportuno

807 3000 1393 3070 commendabilem
1422 3002 1811 3070 famulatum
1841 3002 1911 3069 in
1942 3001 2206 3070 feruore
2255 2998 2592 3071 fidelitatis
2641 3000 3046 3087 impendisse

806 3111 1252 3178 dinoscuntur.
1284 3110 1567 3178 Proinde
1595 3113 1677 3179 ad
1710 3112 2163 3181 vniuersorum
2193 3105 2537 3194 n(oticiam
2570 3111 2869 3202 volumus
2902 3127 3047 3194 per-

806 3216 1086 3308 ueni)re‚
1120 3221 1299 3305 quod
1333 3220 1727 3289 Herculinus
1776 3220 1989 3289 fidelis
2020 3221 2281 3289 villicus
2312 3227 2540 3290 noster
2572 3221 2657 3288 de
2687 3226 2912 3288 nostra
2943 3218 3047 3286 ci-

809 3327 1014 3394 uitate
1044 3328 1464 3397 Posoniensis
1494 3327 1583 3396 ad
1615 3336 1902 3399 nostram
1924 3330 2247 3398 accedens
2281 3329 2692 3416 presenciam
2714 3328 3046 3411 quandam

807 3443 1049 3503 terram
1080 3446 1369 3504 nostram
1420 3440 1679 3526 Mysser
1712 3446 2020 3507 uocatam
2067 3439 2133 3506 in
2166 3438 2495 3506 Comitatu
2537 3435 2926 3504 Posoniensi
2978 3437 3045 3502 in

811 3544 1174 3615 Chollokuz
1207 3545 1625 3633 (existentem
1659 3543 2174 3633 ha)bitat0ribus
2227 3547 2609 3616 destitutam
2641 3569 2684 3614 a
2718 3548 2906 3615 nobis
2937 3565 3045 3630 pe-

810 3656 959 3722 tiuit
1006 3655 1132 3722 sibi
1162 3652 1345 3738 dari,
1401 3674 1596 3741 super
1630 3674 1762 3736 qua
1813 3657 1989 3743 olym
2030 3653 2329 3741 hospites
2379 3659 2580 3725 castri
2610 3655 2818 3724 nostri
2850 3656 3047 3721 Poso-

808 3764 1059 3832 niensis
1108 3762 1503 3831 residebant.
1566 3766 1706 3834 Nos
1757 3764 1979 3849 itaque
2030 3767 2520 3835 considerantes
2581 3764 2931 3834 fidelitates
2982 3768 3049 3829 et

806 3878 998 3957 grata
1018 3872 1299 3939 seruicia
1321 3873 1481 3941 dicti
1500 3871 1853 3956 Herculini,
1876 3872 2032 3957 (que
2054 3871 2271 3958 nobis)
2296 3896 2337 3940 a
2359 3882 2649 3962 tempore
2674 3869 3046 3940 coronacio-

806 3981 908 4048 nis
939 3987 1161 4051 nostre
1192 4000 1335 4047 cum
1384 4002 1685 4068 sumpma
1722 3983 2047 4052 fidelitate
2098 3980 2495 4071 (impendit),
2543 4003 2675 4051 non
2710 3983 3044 4067 parcendo

808 4088 1002 4158 rebus
1032 4089 1169 4156 suis
1202 4089 1389 4158 nobis
1441 4089 1832 4175 offerendis,
1886 4098 1951 4159 et
1983 4110 2338 4176 personam
2388 4110 2577 4159 suam
2626 4088 2892 4158 casibus
2926 4090 3052 4157 for-

808 4205 965 4267 tune
1017 4197 1499 4285 submittend03
1552 4199 1840 4266 maxime
1879 4206 2068 4281 tunc,
2121 4218 2267 4267 cum
2303 4204 2588 4266 castrum
2637 4199 3042 4267 Posoniense

807 4328 925 4397 per
958 4306 1347 4375 industriam
1380 4313 1447 4373 et
1492 4307 1800 4373 miliciam
1851 4305 2097 4374 Mathei
2129 4305 2403 4373 Comitis
2449 4303 2871 4373 Posoniensis
2903 4307 3040 4371 Ma-

807 4419 999 4507 gistri
1028 4419 1409 4502 Agazonum
1459 4423 1828 4486 nostrorum
1860 4417 2083 4487 dilecti
2118 4424 2186 4484 et
2218 4417 2438 4484 fidelis
2471 4438 2513 4484 a
2543 4416 2820 4486 Nicolao
2852 4417 3043 4483 Pala-

810 4530 947 4597 tino
977 4526 1112 4594 filio
1145 4525 1468 4593 Hemerici
1500 4533 1567 4593 et
1598 4526 1998 4594 castellanis
2052 4525 2345 4592 eiusdem
2385 4531 2837 4610 recuperatum
2879 4521 3058 4612 extiffi

807 4636 1037 4715 tisset3
1062 4633 1362 4699 volentes
1394 4631 1606 4700 eidem
1639 4633 1988 4700 Herculino
2024 4650 2139 4715 pro
2173 4630 2546 4699 huiusmodi
2577 4630 2877 4714 seruicijs
2906 4632 3044 4698 suis
3071 4677 3082 4692 r

807 4743 998 4812 nobis
1030 4741 1310 4810 fideliter
1356 4741 1669 4828 impensis
1711 4739 1915 4826 Regio
1947 4757 2288 4808 occurrere
2319 4760 2464 4809 cum
2514 4738 2741 4809 fauore
2762 4787 2781 4825 ,
2831 4736 3040 4824 predi-
