3416 5313
1467 355 1592 423 231

1461 1012 1595 1077 151.

399 1212 459 1277 A
491 1214 666 1276 vciczi
696 1210 1004 1296 kciptalan
1023 1210 1254 1296 jelenti
1274 1260 1290 1292 ‚
1332 1210 1492 1295 hoyy
1525 1231 1566 1271 a
1597 1210 2172 1275 kulvnszakasztott
2205 1219 2265 1273 δέ
2316 1211 2657 1277 ὂίνίοΙονέεε

395 1323 571 1385 ircim
605 1318 878 1383 Zeteeudb'
928 1318 1168 1382 eskmb'c
1212 1340 1255 1379 a
1275 1317 1619 1401 perlekedb'
1635 1316 1819 1401 felek
1853 1321 2101 1404 eqyese‘y
2131 1320 2361 1382 neo-int
2402 1318 2655 1385 eldllot-

1195 1424 1324 1488 tak.
1353 1425 1548 1491 1299.
1567 1425 1700 1509 jul.
1751 1426 1859 1489 11.

610 1628 750 1693 Nos
786 1606 1149 1706 Capitulum
1208 1622 1503 1688 Ecclesie
1539 1620 1907 1689 Waciensis
1959 1621 2193 1689 damus
2234 1642 2353 1708 pro
2406 1643 2650 1692 memo-

392 1734 532 1817 ria3
589 1734 757 1815 quod
811 1750 955 1797 cum
1019 1728 1375 1797 secundum
1429 1726 1707 1796 formam
1759 1729 2128 1797 litterarum
2180 1731 2447 1798 Comitis
2512 1732 2650 1798 Ste-

393 1842 599 1927 phani
652 1837 1090 1907 vice-Judiois
1145 1837 1336 1903 Ourie
1391 1834 1636 1925 domini
1688 1837 1911 1922 Regis,
1948 1837 2268 1905 Nicolaus
2311 1843 2375 1904 et
2407 1836 2654 1906 Johan·

395 1970 514 2017 nes
549 1948 665 2034 filij
719 1947 986 2013 Comitis
1019 1949 1244 2031 Byter‚
1278 1966 1409 2013 vna
1441 1964 1583 2010 cum
1626 1945 1949 2029 Dyonisio
2003 1945 2245 2029 Magno
2280 1944 2416 2010 filio
2467 1946 2657 2022 Jurk‚

397 2066 472 2125 et·
494 2056 700 2124 altero
733 2052 1056 2141 Dyonisio
1091 2053 1223 2118 filio
1258 2052 1550 2137 Tiburcij
1580 2053 1662 2118 de
1695 2052 1991 2137 Palasth,
2026 2051 2446 2139 presentibus
2482 2053 2654 2122 Jurk

388 2166 525 2232 filio
560 2163 876 2248 Stephani
918 2160 1003 2226 de
1035 2160 1380 2242 Zalathna‚
1432 2178 1622 2241 quem
1653 2159 1774 2244 filij
1810 2160 2094 2245 predicti
2130 2160 2404 2225 Comitis
2453 2162 2657 2246 Byter

395 2272 743 2352 adducent,
779 2276 844 2335 et
878 2269 1144 2334 Andrea
1195 2268 1330 2333 filio
1383 2270 1602 2349 Arwa,
1640 2285 1833 2347 quem
1867 2258 2252 2334 Demetrius
2288 2267 2461 2334 filius
2493 2269 2652 2334 Far-

393 2381 597 2466 kasij,
633 2385 701 2445 et
729 2376 970 2445 Mochk
1001 2375 1204 2445 frater
1239 2394 1417 2460 suus,
1467 2375 1696 2443 Petrus
1720 2425 1738 2458 ‚
1773 2374 2089 2444 Nicolaus
2124 2382 2189 2440 et
2228 2377 2552 2461 Georgius
2586 2374 2655 2439 fi-

395 2490 471 2574 lij
506 2490 711 2555 Perse
744 2487 1075 2553 adducere
1109 2485 1467 2568 debebant,
1504 2498 1724 2550 coram
1776 2485 2031 2552 duobus
2088 2484 2328 2552 nostris
2361 2485 2651 2552 testimo-

395 2598 529 2683 nijs
550 2646 567 2680 ,
619 2615 734 2679 per
787 2599 1010 2679 partes
1063 2592 1368 2660 adductis
1392 2641 1409 2675 ,
1444 2591 1611 2656 feria
1644 2600 1832 2659 sexta
1866 2593 2170 2679 proxima
2201 2600 2351 2678 post
2381 2599 2653 2662 octauas

392 2704 783 2773 Natiuitatis
833 2703 1062 2770 Sancti
1092 2701 1417 2770 Johannis
1469 2699 1767 2783 Baptiste
1820 2707 2047 2768 contra
2098 2701 2434 2785 predictos
2482 2700 2653 2768 filios

391 2811 700 2895 Farkasij
738 2818 803 2875 et
836 2811 1008 2877 filios
1042 2809 1242 2875 Perse
1276 2824 1472 2892 super
1504 2809 1794 2893 quinque
1829 2810 2131 2894 partibus
2182 2828 2301 2877 seu
2333 2809 2654 2893 porcioni-

393 2923 522 2989 bus
555 2928 725 2987 terre
758 2919 840 2986 de
871 2924 1049 2984 terra
1071 2920 1300 3000 Tema,
1334 2916 1596 2984 nomine
1626 2915 1786 2983 iuris
1820 2918 2107 3004 ipsorum
2138 2915 2524 3002 hereditarij
2560 2916 2651 2980 iu-

396 3047 562 3112 rare,
593 3029 764 3093 sicut
797 3044 935 3092 mos
976 3033 1082 3091 est
1131 3024 1345 3090 iurare
1382 3044 1577 3110 super
1611 3032 1785 3091 terra
1807 3074 1824 3103 ,
1878 3025 2254 3110 recipiendo
2288 3030 2529 3090 terram
2566 3024 2650 3090 ad

392 3154 624 3202 manus
657 3142 722 3199 et
754 3130 1059 3220 ponendo
1083 3151 1277 3216 super
1316 3135 1542 3218 capita
1575 3152 1718 3217 sua,
1756 3131 2159 3217 debuissent,
2195 3135 2343 3218 ipso
2376 3133 2651 3200 termino

393 3241 812 3322 adueniente‚
852 3241 1146 3324 partibus
1183 3260 1377 3328 super
1413 3240 1586 3307 facie
1640 3242 1850 3328 ipsius
1886 3242 2175 3326 quinque
2229 3240 2647 3326 porcionibus

390 3359 566 3420 terre
590 3350 671 3415 de
693 3346 900 3415 Tema
925 3348 1451 3434 conparentibus,
1486 3349 1656 3416 sicut
1689 3349 1892 3432 ijdem
1926 3349 2223 3416 homines
2257 3348 2506 3415 domini
2529 3348 2651 3412 Re-

391 3458 519 3544 gis,
551 3458 736 3525 Beke
771 3464 838 3522 et
884 3453 1286 3523 Laurencius
1319 3457 1539 3525 clerici
1576 3457 1757 3525 chori
1789 3459 2000 3524 nostri
2033 3478 2149 3542 per
2184 3465 2410 3543 partes
2445 3456 2649 3521 addu-

397 3565 504 3646 cti,
538 3564 624 3628 ad
656 3583 774 3630 nos
795 3564 1067 3648 reuersi,
1091 3565 1506 3650 presentibus
1529 3565 1905 3635 Hermanno
1937 3565 2073 3632 filio
2108 3565 2343 3652 Heym,
2378 3563 2651 3632 officiali

392 3672 715 3738 dictorum
765 3668 1042 3734 filiorum
1094 3670 1365 3736 Comitis
1399 3669 1605 3756 Byter
1630 3721 1646 3754 ,
1698 3691 1818 3758 pro
1873 3671 2128 3738 eisdem
2181 3671 2458 3738 dominis
2511 3671 2649 3739 suis

398 3763 543 3847 cum
594 3778 1063 3866 procuratoriis
1105 3778 1340 3847 litteris
1390 3779 1650 3860 nostris,
1685 3788 1752 3844 et
1802 3781 2136 3847 Demetrio
2167 3778 2300 3845 filio
2333 3778 2647 3864 Farkasij

392 3895 530 3954 tam
560 3905 679 3974 pro
717 3907 807 3969 se,
846 3906 1035 3968 quam
1072 3906 1188 3970 pro
1240 3888 1483 3953 Mochk
1535 3888 1737 3952 fratre
1772 3907 1930 3971 suc,
1987 3890 2183 3954 Petro
2206 3936 2223 3966 ,
2275 3884 2550 3956 Nicolao
2586 3897 2651 3954 et

396 3996 683 4078 Georgio
720 3993 876 4079 filijs
928 3996 1127 4062 Perse
1151 4045 1170 4079 ,
1207 3995 1498 4061 similiter
1533 4015 1674 4064 cum
1713 3996 1948 4062 litteris
1988 3998 2231 4064 nostris
2267 4004 2647 4081 procurato-

393 4107 532 4179 riis,
552 4104 743 4171 nobis
778 4103 1096 4187 dixerunt,
1133 4106 1306 4187 quod
1327 4125 1524 4189 super
1554 4105 1703 4189 ipso
1736 4107 2105 4172 iuramento
2137 4107 2357 4171 taliter
2390 4124 2650 4170 concor-

394 4214 668 4283 dassent
702 4237 718 4277 ε
770 4221 837 4279 vt
867 4216 1289 4297 pretermisso
1316 4215 1682 4280 iuramento
1707 4214 2026 4281 dictorum
2062 4215 2341 4281 filiorum
2375 4211 2650 4282 Comitis

393 4321 619 4408 Byter‚
653 4319 853 4406 ijdem
887 4321 1006 4406 filij
1031 4322 1301 4388 Comitis
1323 4327 1541 4408 Byter,
1568 4323 1885 4390 Nicolaus
1907 4321 2162 4391 scilicet
2196 4330 2261 4389 et
2286 4323 2650 4402 Johannes,

394 4439 896 4515 assumpserunt
929 4432 1186 4498 soluere
1217 4433 1411 4500 dictis
1466 4433 1615 4517 filijs
1651 4433 1986 4519 Farkasij‚
2023 4440 2088 4498 et
2118 4430 2275 4517 filijs
2309 4434 2530 4515 Perse,
2567 4450 2649 4496 ex

397 4537 632 4621 quibus
666 4544 730 4605 et
781 4560 897 4623 pro
935 4540 1165 4621 quibus
1199 4542 1408 4606 dictus
1452 4539 1829 4606 Demetrius
1862 4540 2243 4630 conparuit,
2279 4547 2348 4607 ut
2379 4536 2646 4623 premis·

395 4664 536 4713 sum
562 4694 581 4730 ,
633 4664 746 4728 pro
786 4644 948 4733 ipsis
1001 4647 1283 4730 quinque
1339 4647 1757 4733 porcionibus
1807 4653 1977 4715 terre
2029 4649 2113 4716 de
2144 4647 2353 4716 Tema
2402 4664 2642 4716 nouem
