3416 5313
1899 379 2031 446 246

1871 1012 2025 1078 159.

819 1213 947 1280 III.
982 1210 1199 1278 Eadm
1217 1210 1436 1296 kirdly
1467 1207 1753 1297 Gerqely‚
1780 1207 1930 1296 Apa
1944 1210 2073 1297 fia,
2095 1215 2470 1298 panaszdra
2500 1235 2577 1276 az
2604 1213 2780 1278 ircim
2812 1215 3078 1282 intezke-

822 1323 940 1388 dile
956 1373 977 1409 ‚
1028 1320 1186 1407 hoqy
1224 1319 1631 1385 erb'szakosan
1681 1318 1916 1384 Ldszld
1939 1319 2128 1383 Luka
2166 1319 2271 1404 fia
2319 1319 2482 1386 altat
2520 1319 2815 1407 elfoylalt
2848 1325 3079 1389 Βόηθε·

884 1438 1198 1494 monostra
1227 1427 1392 1491 nevil
1419 1435 1780 1490 monostora
1810 1425 1962 1490 neki
1991 1426 2560 1491 visszaadattassak
2589 1429 2782 1495 1300.
2816 1430 3025 1497 kb'rihl.

1038 1619 1344 1692 Andreas
1376 1621 1503 1689 Dei
1534 1620 1748 1708 gratia
1781 1624 1922 1688 Rex
1956 1621 2294 1709 Hungarie
2326 1627 2448 1691 etc.
2485 1629 2606 1692 etc.
2641 1622 2946 1694 fidelibus
2970 1648 3074 1695 no·

826 1733 982 1802 stris
1018 1732 1324 1818 Capitulo
1357 1729 1754 1799 Varadiensi
1775 1730 2053 1797 salutem
2090 1738 2155 1798 et
2174 1734 2482 1816 gratiam.
2517 1732 2875 1817 Gregorius
2909 1735 3083 1803 filius

824 1846 975 1930 Apa
1005 1841 1196 1911 nobis
1229 1837 1441 1925 dixit,
1473 1835 1646 1922 quod
1678 1838 2033 1904 Ladislaus
2065 1837 2238 1908 filius
2273 1841 2453 1907 Luca
2488 1842 2824 1925 quoddam
2857 1865 3086 1912 mona-

826 1949 1098 2019 sterium
1132 1967 1318 2015 suum
1351 1948 1621 2030 Dyenus
1654 1951 2040 2013 monostura
2071 1953 2376 2016 vocatum
2411 1949 2864 2032 potentialiter
2900 1959 2967 2019 et
2988 1954 3086 2020 in-

828 2058 1058 2126 debite
1089 2061 1476 2143 occupatum
1524 2053 1855 2122 detineret
1887 2057 1952 2121 in
2005 2056 2212 2141 ipsius
2246 2055 2664 2141 prejuditium
2718 2079 2849 2125 non
2882 2061 3090 2127 modi·

828 2185 977 2234 cum
1011 2171 1080 2234 et
1109 2184 1514 2249 gravamen3
1567 2181 1773 2245 quare
1824 2161 2131 2230 fidelitati
2160 2169 2380 2231 vestre
2431 2165 2863 2249 precipiendo
2906 2189 3087 2235 man-

828 2277 1083 2360 damus,
1119 2277 1446 2357 quatenus
1479 2270 1758 2340 mittatis
1811 2271 2144 2339 hominem
2175 2277 2470 2337 vestrum
2504 2270 2804 2338 idoneum
2841 2294 2966 2358 pro
2998 2282 3088 2340 te·

827 2380 1159 2463 stimonio‚
1194 2399 1413 2446 coram
1446 2397 1575 2461 quo
1610 2380 2012 2449 venerabilis
2045 2386 2240 2464 pater
2273 2378 2568 2465 Capituli
2603 2380 2906 2465 ejusdem
2939 2384 3087 2470 loci,

826 2493 1026 2558 homo
1053 2493 1277 2554 noster
1297 2488 1500 2572 juxta
1530 2492 1821 2554 tenorem
1858 2482 2191 2573 privilegii
2223 2488 2323 2554 sui
2345 2537 2361 2570 ‚
2415 2507 2616 2571 super
2650 2488 2825 2555 dicto
2859 2509 3087 2557 mona-

830 2597 1034 2667 sterio
1070 2593 1373 2681 confecti,
1411 2595 1671 2663 domum
1706 2596 2270 2676 monasterialium
2303 2600 2560 2664 statuat
2592 2596 2828 2680 eidem,
2863 2596 2924 2663 si
2957 2618 3088 2667 non

828 2706 1027 2774 fuerit
1059 2703 1530 2772 contradictum
1554 2754 1572 2788 ‚
1604 2705 2121 2773 contradictores
2152 2724 2304 2774 vero
2337 2705 2396 2772 si
2430 2704 2542 2786 qui
2578 2704 2821 2772 fuerint
2854 2705 2946 2771 ad
2981 2728 3089 2774 no-

831 2822 1040 2883 stram
1073 2814 1228 2880 citet
1258 2813 1684 2902 presentiam,
1723 2813 1808 2880 ad
1841 2817 2183 2882 terminum
2219 2814 2627 2899 assignatum
2649 2862 2666 2896 ‚
2703 2836 2784 2884 ac
2818 2816 3090 2883 nomina

832 2921 1381 2991 contradictorum
1435 2921 1626 2989 nobis
1658 2922 2058 2988 rescribatis.
2093 2926 2338 2989 Datum
2371 2922 2439 2987 in
2471 2920 2650 2987 valle
2683 2921 2833 2987 Rad
2865 2920 3093 2990 Domi-

829 3032 982 3101 nico
1015 3029 1127 3098 die
1158 3036 1316 3098 ante
1352 3027 1588 3098 festum
1622 3028 1813 3096 Beati
1847 3030 2125 3098 Joannis
2158 3028 2482 3114 Apostoli.

940 3224 1220 3298 (Teutsch
1247 3223 1311 3283 es
1335 3224 1657 3284 Firnhaber
1695 3224 2074 3384 Urkundenb).
2104 3241 2206 3279 zur
2245 3220 2457 3279 Gesch.
2487 3220 2761 3279 Siebenb.
2786 3223 2834 3280 Ι.
2860 3220 2983 3279 ko‘t.

1836 3312 1960 3370 224.
2001 3313 2039 3367 1.

1870 3615 1886 3618 —
1926 3613 2139 3623 -—------·..ae
