3416 5313
1407 389 1622 496 259——

343 587 517 658 facto
551 587 932 678 postulavit,
966 607 1111 655 cum
1145 585 1228 653 de
1262 586 1404 653 iure
1436 585 1648 672 laicis,
1682 586 1980 667 quamvis
2001 584 2353 672 religiosis»,
2388 587 2471 654 de
2491 607 2592 654 re·

343 699 465 767 bus
497 698 802 766 Ecclesie
833 695 1014 763 nulla
1045 695 1134 763 sit
1185 694 1501 763 attributa
1543 693 1936 780 disponendi
1976 694 2261 764 facultas
2285 699 2314 779 ς’
2337 715 2462 779 quo
2495 698 2583 764 in·

340 804 607 873 tellecto
659 805 957 874 dominus
992 804 1224 870 Petrus
1260 804 1386 869 Dei
1417 804 1647 889 gracia
1665 802 2025 889 Episcopus
2058 801 2605 894 Transsiluanus,

344 932 569 982 curam
617 914 842 1008 gregis
893 913 1022 980 sibi
1073 913 1404 981 commissi
1456 912 1761 998 diligenti
1807 920 2075 997 portans
2128 913 2593 999 sollicitudine,

343 1022 507 1089 facti
538 1023 911 1108 potenciam
944 1022 1326 1090 formidauit
1345 1069 1362 1103 ,
1420 1040 1566 1089 cum
1598 1018 1975 1088 huiusmodi
2007 1024 2358 1108 petitorum
2391 1023 2593 1093 dona-

346 1132 474 1216 cio,
508 1130 592 1199 ab
627 1151 704 1198 eo
739 1129 954 1212 facta,
991 1130 1102 1214 qui
1134 1126 1384 1197 donare
1415 1149 1547 1194 non
1581 1127 1792 1214 potuit
1812 1177 1831 1213 ,
1880 1134 2120 1196 statum
2154 1130 2449 1200 Ecclesie
2481 1131 2597 1197 mi·

343 1240 523 1306 nime
553 1238 878 1324 potuisset
910 1238 1320 1323 perturbare.
1374 1237 1791 1322 Supplicauit
1820 1238 2042 1321 itaque
2079 1241 2145 1303 et
2180 1259 2297 1326 per
2328 1240 2595 1307 modum

346 1346 665 1432 simplicis
699 1349 1102 1430 querimonie
1135 1347 1436 1428 obtinuit,
1470 1350 1543 1412 ut
1576 1343 1746 1411 sicut
1776 1344 1930 1430 ipsa
1961 1346 2265 1431 donacio,
2301 1350 2357 1415 si
2391 1347 2594 1416 dona-

348 1456 450 1523 cio
484 1452 613 1522 dici
644 1462 991 1541 mereatur,
1026 1457 1110 1523 de
1132 1455 1308 1525 facto
1329 1459 1769 1543 processerat,
1804 1461 1869 1521 et
1898 1454 2082 1521 nulla
2104 1454 2226 1522 fuit
2256 1455 2401 1540 ipso
2434 1457 2595 1542 iure,

347 1565 446 1634 sic
480 1564 564 1632 de
599 1563 774 1633 facto
807 1572 1229 1633 reuocaretur
1249 1615 1266 1646 ,
1321 1574 1388 1629 et
1417 1563 1603 1631 nulla
1634 1562 1840 1630 fuisse
1874 1563 2436 1647 pronunciaretur.
2472 1564 2600 1630 Do-

339 1675 556 1739 minus
585 1681 806 1740 autem
837 1673 1201 1757 Agriensis,
1236 1673 1369 1758 hijs
1405 1668 1641 1737 finibus
1675 1691 1805 1737 non
1844 1677 2180 1738 contentus
2201 1720 2221 1755 ,
2259 1671 2343 1738 de
2376 1673 2603 1739 Eccle-

347 1781 446 1848 sie
481 1781 821 1849 consorcio
860 1781 1083 1865 inique
1116 1780 1451 1861 iudicans,
1508 1779 1820 1847 auxilium
1874 1777 2196 1846 secularis
2244 1783 2594 1865 potestatis

346 1887 476 1955 sibi
506 1888 882 1972 postulavit,
921 1886 1074 1971 quia
1108 1908 1189 1954 ex
1209 1887 1589 1973 hujusmodi
1610 1885 1976 1954 donacione
2000 1885 2276 1953 credens
2299 1886 2398 1954 ius
2418 1889 2598 1971 aqui·

348 1996 609 2082 siuisse,
645 1997 977 2065 dominum
1011 1995 1552 2063 Transsiluanum
1587 1995 1677 2062 ad
1724 1996 2049 2061 forensem
2077 1992 2368 2076 judicem
2389 2047 2406 2078 ,
2445 1996 2599 2078 quia

345 2105 437 2170 ad
468 2105 675 2171 forum
708 2107 1011 2192 Regium,
1048 2102 1135 2171 ad
1170 2111 1446 2172 octauas
1482 2103 2003 2187 Epiphaniarum
2036 2102 2322 2185 Domini,
2374 2111 2601 2170 contra

347 2232 668 2280 canonum
700 2219 1020 2299 precepta
1051 2213 1240 2280 citari
1274 2213 1668 2298 procurauit,
1718 2212 1777 2277 si
1813 2210 2050 2278 citacio
2084 2210 2218 2277 dici
2248 2212 2462 2295 possit
2486 2234 2502 2296 ;
2530 2205 2603 2276 “et

344 2321 830 2406 perceptionem
862 2321 1255 2388 decimarum
1288 2323 1353 2384 in
1385 2319 1865 2403 Maramorisio,
1903 2338 2029 2402 que
2062 2327 2161 2385 est
2180 2318 2354 2387 intra
2387 2328 2599 2389 metas

349 2433 416 2492 et
465 2430 777 2496 terminos
829 2429 1156 2515 Dyocesis
1206 2428 1699 2512 Transsiluane,
1736 2448 1852 2513 per
1911 2427 2176 2494 litteras
2229 2429 2473 2513 Regias
2529 2430 2597 2496 in

351 2535 779 2618 preiudicium
803 2536 1108 2603 Ecclesie
1142 2534 1581 2603 Transiluane
1605 2533 1765 2601 fecit
1800 2535 1884 2601 de
1918 2534 2117 2620 fact0,
2153 2523 2327 2618 quod
2346 2538 2428 2603 de
2461 2535 2602 2605 iure

350 2662 483 2708 non
515 2643 725 2728 potuit
754 2645 1125 2731 prohibere,
1162 2641 1282 2712 sub
1308 2663 1385 2709 eo
1420 2648 1671 2728 tenore,
1694 2643 1870 2726 quod
1893 2641 2121 2710 eedem
2144 2642 2397 2712 decime
2428 2652 2600 2714 terre

347 2759 706 2820 memorate
728 2803 745 2837 ,
801 2760 870 2818 et
903 2754 1035 2822 alia
1066 2752 1210 2819 iura
1249 2773 1330 2819 ex
1361 2752 1479 2819 illa
1512 2752 1990 2838 proueniencia
2022 2772 2152 2820 non
2205 2754 2395 2820 alteri
2436 2755 2600 2841 Epi-

349 2878 559 2942 scopo
595 2859 1206 2928 administrarentur
1229 2910 1247 2944 ,
1295 2880 1491 2944 quam
1528 2858 1612 2942 ei,
1650 2860 1760 2942 qui
1791 2860 2049 2927 litteras
2082 2859 2326 2944 Regias
2360 2860 2444 2926 de
2475 2862 2603 2927 hoc

353 2967 591 3032 incolis
624 2974 796 3032 terre
831 2968 1124 3035 eiusdem
1178 2974 1404 3051 posset
1436 2974 1795 3053 reportare.
1851 2968 1937 3032 Et
1968 2966 2121 3031 licet
2154 2964 2453 3033 indicium
2483 2967 2601 3036 lai-

349 3073 512 3141 calis
545 3075 894 3160 potestatis
924 3081 1098 3140 retro
1133 3074 1446 3159 habitum,
1484 3076 1551 3140 in
1585 3075 1831 3144 talibus
1866 3075 2009 3159 ipso
2042 3072 2183 3140 iure
2218 3074 2305 3140 sit
2335 3075 2603 3159 nullum,

350 3167 502 3264 qnia
541 3186 763 3248 tamen
813 3181 988 3250 idem
1045 3183 1346 3251 dominus
1397 3183 1781 3269 Agriensis,
1836 3180 2603 3266 postpositis'canonum

351 3289 731 3367 mandatis,
784 3290 1231 3375 multipliciter
1279 3290 1578 3373 laborat,
1629 3293 1796 3357 sicut
1843 3290 2208 3372 laborauit,
2240 3290 2604 3362 Ecclesiam

349 3394 892 3466 Transsiluanam
924 3396 1264 3477 infestare,
1302 3406 1366 3464 et
1387 3399 1720 3467 Prelatum
1742 3398 2032 3467 eiusdem
2071 3397 2407 3493 laboribus
2445 3404 2598 3469 mul·

355 3505 465 3588 tis,
504 3513 568 3571 et
604 3509 912 3591 expensis
948 3506 1231 3594 afficere,
1267 3527 1384 3591 pro
1420 3527 1520 3591 e0,
1555 3526 1678 3590 ego
1713 3508 2055 3592 Nycolaus
2082 3504 2603 3576 Archidiaconus

354 3612 436 3677 de
470 3612 738 3694 Zonuk,
791 3620 1180 3701 procurator
1229 3614 1474 3680 domini
1527 3615 1842 3699 Episcopi
1871 3614 2334 3682 Transsiluani
2382 3615 2450 3680 in
2483 3615 2606 3685 hac

358 3732 586 3807 parte,
622 3742 737 3806 per
783 3724 1162 3791 huiusmodi
1214 3724 1394 3791 facta
1444 3721 1817 3791 inordinate
1869 3729 2299 3807 attemptata,
2351 3722 2609 3790 scilicet

353 3819 664 3913 potencia
695 3831 1194 3915 interueniente,
1230 3832 1453 3898 sciens
1487 3831 1791 3899 Ecclesie
1809 3830 2293 3899 Transsiluanc
2325 3829 2605 3916 preiudi·

353 3943 590 4020 catum,
626 3944 691 4003 et
725 3940 943 4005 sciens
979 3940 1047 4003 in
1082 3944 1420 4022 posterum
1452 3957 1654 4025 posse
1689 3938 2095 4023 preiudicari
2114 3989 2132 4024 ,
2178 3941 2235 4006 si
2267 3960 2398 4008 non
2431 3940 2606 4009 salu·

335 4045 457 4117 ‚bri
490 4043 776 4112 remedio
811 4054 876 4112 et
909 4048 973 4112 in
1007 4049 1325 4132 refugium
1361 4068 1823 4136 oppressorum
1858 4047 2158 4116 ordinato
2184 4100 2200 4131 ‚
2248 4049 2400 4117 huic
2433 4051 2606 4116 cita-

359 4151 533 4220 cioni
569 4153 656 4223 ad
689 4173 818 4219 non
853 4174 1042 4222 suum
1084 4154 1377 4239 judicem
1413 4155 1621 4240 facte,
1679 4155 1903 4224 debito
1957 4146 2337 4225 occurratur
2382 4157 2450 4224 in
2483 4164 2609 4224 ter-

335 4262 549 4348 mino,
584 4262 850 4357 nomine
885 4263 1179 4331 eiusdem
1215 4264 1461 4331 domini
1497 4264 1820 4349 Episcopi
1850 4261 2312 4332 Transsiluani
2365 4263 2612 4333 domini

353 4370 518 4451 mei,
554 4389 636 4439 ac
669 4373 1117 4455 procuratorio
1167 4372 1432 4441 nomine
1466 4370 1550 4440 ab
1583 4370 1961 4440 huiusmodi
1999 4372 2259 4458 injurijs
2278 4423 2298 4458 ,
2351 4395 2393 4441 a
2423 4380 2615 4458 parte

355 4477 667 4562 Episcopi
698 4478 1038 4561 Agriensis
1070 4479 1294 4564 illatis,
1328 4481 1434 4548 vel
1469 4500 1511 4545 a
1542 4483 1737 4563 parte
1772 4477 1912 4546 eius
1934 4527 1951 4560 ,
2008 4499 2199 4561 quem
2243 4480 2370 4547 sibi
2401 4480 2471 4546 in
2509 4481 2610 4545 iu·-

352 4584 568 4655 dicem
601 4588 879 4656 asscivit
911 4587 1276 4663 inferendis
1298 4640 1318 4676 ,
1367 4589 1601 4658 Sedem
1635 4589 2083 4675 Apostolicam
2123 4591 2386 4677 appello
2410 4637 2429 4673 ,
2461 4594 2615 4676 pro-⁷

361 4694 660 4764 baturum
695 4715 798 4763 me
835 4695 1081 4781 obligo,
1114 4697 1336 4765 omnia
1371 4696 1700 4782 premissa
1736 4715 1885 4764 esse
1923 4719 2121 4783 vera;
2155 4699 2610 4782 prosequende

2153 4808 2284 4875 17*
