3416 5313
1426 409 1561 476 265
1627 499 1654 504 fl

1420 1074 1554 1142 m.

363 1276 498 1339 Pal
529 1273 1006 1357 horvdtorsqui
1032 1272 1174 1354 bein,
1208 1280 1411 1336 &oscae
1443 1270 1700 1358 Gyorqy
1735 1273 1798 1336 e's
1812 1271 1915 1355 fia
1942 1270 2211 1336 Mladen
2232 1324 2252 1359 ‚
2287 1271 2623 1336 Dalmatia

364 1382 758 1448 vdrosainak
807 1379 1061 1469 qrdffiai
1113 1403 1252 1467 693]-
1271 1430 1288 1464 ,
1341 1382 1404 1445 e's
1452 1379 1702 1461 Hen22ilc
1754 1380 2033 1465 yoriczai
2078 1378 2244 1466 yro'f
2280 1383 2416 1444 mds
2463 1384 2621 1445 resz-

363 1488 481 1575 νὸἷ,
518 1488 764 1555 eskuvel
792 1487 1098 1554 ko’telezz'lo
1130 1488 1459 1574 maqokat,
1512 1487 1673 1572 hoqy
1701 1487 2150 1590 qyermekeiket
2182 1487 2622 1554 &sezehdzasir

1293 1594 1444 1680 jak.
1495 1594 1690 1659 11300.

587 1795 665 1860 In
696 1791 959 1860 nomine
989 1790 1261 1860 Domini
1291 1794 1525 1860 Amen.
1578 1793 1772 1860 Anno
1809 1792 2072 1861 Domini
2121 1791 2468 1861 millesimo
2503 1797 2622 1861 tre-

368 1903 729 1970 centesimo
752 1953 769 1986 ‚
822 1900 1206 1969 Indiccione
1237 1900 1716 1968 terciadecima
1738 1951 1757 1985 ,
1813 1900 1922 1967 die
1953 1901 2299 1968 undecima
2334 1902 2623 1968 intrante

368 2015 690 2101 Augusto.
760 2012 992 2078 Actum
1045 2010 1294 2077 Salone
1347 2009 1775 2095 presentibus
1828 2009 2106 2077 testibus
2156 2007 2620 2094 infrascriptis.

365 2122 580 2202 Quum
612 2118 907 2188 omnium
929 2118 1180 2185 habere
1212 2118 1586 2184 memoriam
1608 2120 1837 2203 pocius
1869 2123 1970 2183 est
1999 2117 2385 2186 Divinitatis
2425 2135 2618 2200 quam

368 2220 819 2310 humanitatis,
853 2227 1004 2295 ideo
1037 2225 1235 2296 valde
1264 2224 1712 2293 necessarium
1757 2225 2187 2312 existimatur,
2226 2232 2298 2292 ut
2331 2224 2625 2310 quelibet

368 2335 700 2404 hominum
740 2341 895 2403 acta
947 2333 1135 2401 utilia
1187 2331 1533 2418 scripturis
1587 2330 2138 2400 testimonialibus
2189 2331 2621 2400 declarentur.

369 2445 477 2512 Ad
513 2445 967 2513 universorum
999 2443 1200 2529 igitur
1233 2441 1544 2510 noticiam
1577 2441 1907 2526 presentis
1958 2441 2383 2510 instrumenti
2434 2441 2616 2508 testi-

370 2552 591 2621 monio
623 2537 1016 2635 reducatur,
1070 2551 1250 2635 quod
1301 2550 1602 2617 Illustres
1656 2557 1724 2616 et
1771 2548 2109 2637 Magnifici
2156 2551 2319 2635 viri,
2374 2549 2623 2618 domini

368 2661 615 2731 Paulus
649 2662 873 2728 Banus
909 2656 1288 2730 Oroatorum
1312 2709 1331 2745 ‚
1384 2666 1450 2726 et
1482 2660 1814 2746 Georgius
1847 2658 2054 2729 frater
2076 2710 2094 2745 ‚
2145 2659 2624 2744 Mladenusque

368 2770 510 2839 eius
540 2767 711 2837 filius
732 2820 749 2854 ‚
786 2769 1127 2837 ciuitatum
1161 2765 1507 2837 Dalmacie
1542 2767 1836 2834 Comites
1871 2787 1954 2835 ex
1992 2787 2121 2833 una
2160 2773 2367 2853 parte,
2404 2774 2468 2834 et
2500 2788 2621 2835 no·

363 2878 536 2949 biles
578 2875 706 2946 viri
758 2874 1005 2943 domini
1058 2873 1459 2960 Pongracius
1513 2876 1595 2942 de
1646 2874 1887 2960 Vipico
1921 2875 2133 2961 miles,
2185 2895 2267 2941 ac
2317 2874 2622 2943 Volricus

367 2986 545 3054 filius
581 2983 833 3054 domini
864 2984 1168 3070 Hugonis
1201 2980 1283 3051 de
1316 2983 1653 3065 Deuoni0,
1691 2983 1894 3048 ceteri
1928 2983 2149 3070 nuncij
2183 2982 2466 3050 Illustris
2499 2981 2624 3051 viri

371 3092 620 3164 domini
666 3089 936 3162 Henrici
988 3088 1260 3159 Comitis
1297 3089 1582 3174 Goricie‚
1637 3089 1722 3156 de
1778 3088 2118 3159 uoluntate
2170 3097 2237 3158 et
2283 3110 2619 3159 consensu

372 3202 782 3272 dominorum
815 3200 1171 3284 Illustrium
1208 3198 1465 3267 Alberti
1498 3199 1705 3283 patris
1733 3250 1749 3280 ,
1794 3206 1861 3266 et
1892 3199 2147 3268 Alberti
2170 3198 2455 3286 junioris
2493 3199 2622 3265 fra-

369 3311 490 3381 tris
542 3311 718 3395 eius,
771 3308 1094 3378 Comitum
1146 3308 1471 3394 solempni
1520 3308 1883 3394 scriptione
1924 3305 2103 3396 (igy,
2159 3306 2623 3395 stipulacione)

354 3422 830 3508 promiserunt,
866 3417 1001 3503 qud
1032 3417 1092 3486 si
1128 3418 1345 3486 dictus
1379 3416 1684 3485 dominus
1715 3420 1959 3485 Paulus
1999 3421 2242 3503 Banus,
2268 3421 2380 3486 vel
2412 3418 2617 3487 domi-

372 3550 499 3596 nus
529 3526 853 3614 Georgius
886 3525 1095 3594 frater
1112 3525 1290 3608 eius,
1324 3526 1561 3595 Comes
1591 3526 1960 3607 Dalmacie‚
1985 3527 2093 3593 vel
2124 3526 2430 3595 dominus
2461 3528 2625 3595 Mla·

373 3637 583 3705 denus
616 3638 891 3720 Comes,
943 3632 1107 3703 dicti
1137 3632 1383 3701 domini
1413 3634 1604 3705 Pauli
1653 3635 1813 3702 bani
1850 3634 2059 3721 filius,
2111 3632 2287 3704 infra
2327 3637 2623 3722 spacium

370 3767 493 3815 sex
524 3761 838 3812 annorum
871 3742 1054 3828 prius
1086 3740 1455 3810 futurorum
1484 3738 1688 3810 filiam
1721 3740 1991 3810 habebit
2021 3739 2424 3823 legitimam,
2473 3763 2623 3810 cum

373 3857 524 3941 ipsa
555 3850 693 3919 filia
746 3856 813 3917 et
862 3850 996 3919 filio
1050 3849 1416 3936 supradicti
1449 3850 1697 3919 domini
1726 3850 1995 3918 Henrici
2044 3848 2321 3917 Comitis
2361 3850 2624 3921 Goricie

373 3958 725 4048 Raynaldo
757 3961 1022 4027 nomine
1072 3957 1581 4028 matrimonialis
1625 3961 1863 4045 copula
1912 3961 2347 4028 contrahetur.
2397 3961 2531 4027 Aut
2569 3963 2626 4030 si

374 4071 588 4140 dictus
621 4069 858 4139 Comes
889 4067 1215 4136 Henricus
1265 4067 1538 4136 habebit
1569 4069 1775 4136 filiam
1804 4069 2169 4155 legitimam
2202 4090 2349 4138 cum
2381 4091 2510 4139 vno
2543 4089 2625 4137 ex

377 4177 537 4264 filijs
569 4177 983 4246 dominorum
1012 4176 1182 4246 Bani
1214 4177 1446 4262 Pauli,
1480 4176 1585 4244 vel
1620 4177 1900 4247 Comitis
1940 4178 2208 4264 Georgij
2252 4177 2471 4245 fratris
2505 4178 2626 4263 sui,

377 4294 490 4356 aut
522 4285 818 4354 Mladeni
866 4284 1029 4351 dicti
1079 4282 1327 4353 domini
1358 4285 1552 4354 Pauli
1582 4285 1753 4355 Bani
1790 4285 1913 4372 filij
1948 4284 2428 4353 matrimonium
2479 4307 2628 4356 con-

375 4394 693 4465 trahetur.
744 4393 872 4462 Pro
908 4410 1034 4475 quo
1084 4393 1502 4461 matrimonio
1552 4391 1959 4461 attendendo
2007 4391 2333 4478 sepedicti
2380 4392 2629 4460 domini

376 4505 631 4571 Paulus
663 4506 887 4570 Banus
919 4502 1305 4571 croatorum
1325 4552 1343 4587 ‚
1398 4509 1463 4569 et
1496 4503 1821 4588 Georgius
1855 4501 2088 4570 Comes
2123 4500 2469 4569 Dalmacie
2502 4502 2630 4568 fra-

378 4619 479 4679 ter
511 4611 651 4680 eius
674 4662 692 4697 ,
724 4629 806 4678 ac
837 4611 1185 4679 Mladenus
1205 4666 1224 4699 ,
1259 4610 1424 4680 dicti
1457 4611 1697 4680 domini
1735 4609 1922 4678 Pauli
1954 4607 2124 4680 Bani
2169 4608 2339 4676 filius
2371 4608 2625 4692 Comes,

377 4719 804 4811 prestiterunt
835 4718 1024 4787 tactis
1059 4706 1526 4791 sacrosanctis
1558 4718 1949 4804 Euangelijs
1987 4717 2417 4804 corporaliter
2440 4715 2625 4800 jura-
