3416 5313
1433 428 1565 494 201·

1427 1052 1575 1121 1:35.

374 1286 681 1352 Humbert
712 1289 956 1352 viennci
994 1280 1284 1373 dauphin
1314 1292 1813 1374 nyuytatvdnya‚
1849 1288 2004 1372 hoqy
2019 1285 2121 1370 fia
2145 1288 2350 1352 Jdnos
2380 1308 2623 1372 menny-

375 1395 806 1481 asszonydnak
825 1446 844 1481 ,
902 1395 1173 1460 Beatrice
1220 1395 1487 1460 Martell
1541 1394 1787 1480 Kdroly
1838 1399 2047 1462 czimz.
2098 1416 2197 1458 ma
2202 1416 2362 1480 qyar
2410 1393 2625 1480 kirdly

849 1500 1208 1588 lednydnak
1238 1501 1649 1587 hozomdnydt
1678 1506 1919 1570 divette.
1956 1503 2151 1566 1298.

556 1717 691 1784 Nos
712 1716 1128 1801 Humbertus‚
1153 1717 1522 1802 Dalphinus
1547 1716 1979 1799 Viennensis‚‘
1994 1722 2059 1784 et
2079 1715 2482 1785 Albonensis
2506 1717 2625 1784 Co-

382 1843 541 1908 me8‚
570 1825 1017 1910 Dominusque
1040 1824 1123 1892 de
1135 1829 1366 1911 Turre,
1389 1834 1615 1892 notum
1635 1826 1914 1892 facimus
1938 1824 2262 1891 universis
2287 1830 2628 1908 presentes

382 1935 636 2002 litteras
669 1934 1104 2022 inspecturis3
1142 1936 1316 2018 quod
1350 1955 1470 2001 nos
1507 1935 1894 2003 eonfitemur
1928 1942 1991 2000 et
2021 1933 2284 2022 publice
2318 1952 2626 2017 recogno·

393 2042 631 2110 scimus
667 2043 838 2110 serie
887 2043 1298 2130 presencium
1333 2043 1690 2110 litterarum
1720 2091 1737 2126 ‚
1792 2060 1957 2124 quas
1995 2043 2234 2124 ubique
2283 2041 2412 2110 vim
2465 2039 2628 2106 obti-

382 2169 540 2217 nere
573 2152 873 2216 volumus
906 2151 1152 2234 publici
1188 2151 1645 2232 instrumenti,
1694 2168 1811 2216 nos
1844 2148 2160 2216 habuisse
2195 2155 2259 2214 et
2295 2148 2632 2235 recepisse

383 2259 635 2345 integre
672 2265 734 2325 et
769 2259 1062 2344 perfecte
1096 2258 1179 2324 ab
1218 2258 1466 2344 inclyto
1489 2257 1798 2342 Principe
1833 2257 2096 2323 domino
2134 2256 2370 2323 Garolo
2401 2259 2486 2323 ΙΙ.
2521 2257 2628 2324 Je-

382 2367 669 2433 rusalem
704 2371 771 2432 et
805 2366 1029 2434 Sicilie
1064 2367 1244 2449 Rege
1276 2363 1537 2431 domino
1592 2370 1817 2432 nostro
1853 2366 2068 2432 dotem
2095 2414 2112 2447 ‚
2168 2381 2366 2445 quam
2420 2362 2630 2429 dictus

386 2474 685 2542 dominus
737 2474 877 2538 Rex
911 2493 981 2537 se
1035 2473 1335 2538 daturum
1387 2473 1684 2558 promisit
1715 2472 1949 2558 nobis,
2003 2491 2118 2538 seu
2159 2470 2449 2538 Johanni
2500 2471 2632 2538 filio

385 2592 650 2667 nostro,
705 2602 820 2667 pro
854 2583 1293 2651 serenissima
1348 2582 1615 2649 domina
1667 2583 1967 2649 Beatrice
2020 2583 2162 2648 eius
2215 2588 2445 2667 nepte,
2497 2578 2634 2647 filia

384 2691 622 2773 inclyte
654 2691 1149 2759 recordacionis
1203 2690 1450 2757 domini
1482 2691 1706 2760 Caroli
1756 2689 2080 2774 quondam
2133 2691 2336 2775 Regis
2367 2690 2633 2775 Hunga-

384 2800 500 2879 rie,
540 2818 743 2865 uxore
774 2798 993 2864 futura
1016 2799 1157 2882 Jam
1211 2798 1370 2865 dicti
1404 2799 1726 2867 ,Iohannis
1769 2799 2093 2866 carissimi
2121 2795 2237 2862 filii
2269 2797 2516 2886 nostri;
2550 2798 2632 2861 de

390 2905 572 2971 cuius
606 2902 779 2972 dotis
831 2906 1261 2991 promissione
1298 2912 1362 2974 et
1395 2906 1864 2991 assignacione
1918 2911 2176 2973 constat
2227 2905 2487 2990 publico
2541 2903 2634 2967 in·

391 3021 754 3082 strumento
787 3016 1079 3101 sigillato
1133 3016 1354 3101 sigillo
1387 3015 1700 3100 pendenti
1739 3014 1989 3082 domini
2019 3012 2231 3081 nostri
2269 3013 2471 3097 Regis
2503 3014 2635 3079 iam

391 3117 572 3189 dicti.
608 3121 1095 3190 Renunciantes
1130 3130 1252 3190 etc.
1308 3124 1694 3208 excepcioni
1729 3127 1851 3188 etc.
1903 3121 2291 3204 quittantes⁸
2324 3127 2388 3187 et
2421 3119 2638 3186 absol-

389 3235 623 3294 ventes
647 3229 788 3314 jam
824 3229 1070 3296 dictum
1092 3230 1422 3296 dominum
1443 3236 1737 3298 nostrum
1758 3232 2007 3316 Regem
2042 3236 2166 3295 etc.
2200 3229 2435 3294 Datum
2460 3228 2639 3315 apud

392 3337 917 3421 Gracianopolim
977 3337 1085 3405 die
1138 3339 1287 3404 XX.
1344 3335 1687 3404 Februarii
1744 3357 1921 3404 anno
1969 3336 2236 3403 Domini
2286 3336 2638 3403 millesimo

390 3442 842 3530 ducentesimo
878 3448 1308 3533 nonagesimo
1342 3446 1639 3533 septimO,
1676 3444 2030 3512 undecima
2061 3443 2460 3511 Indiccione.

391 3656 653 3726 (Bouche
680 3654 951 3728 Honore,
995 3661 1061 3715 L’
1089 3659 1325 3714 histoire
1371 3643 1821 3732 chronologique
1869 3661 1939 3715 de
1968 3658 2263 3716 Provence
2303 3655 2339 3711 ὲ
2365 3657 2474 3712 Aix
2503 3658 2645 3714 1664

1107 3749 1221 3819 fol„
1249 3748 1323 3804 ΙΙ.
1348 3750 1468 3805 kot.
1497 3750 1652 3805 1072.
1680 3750 1717 3804 l.
1752 3750 1949 3813 Ozech.)
