3416 5313
1909 415 2038 483 100

1905 1077 2022 1143 ⁶4.

850 1279 911 1345 A
936 1279 1241 1368 pozsonyi
1268 1276 1575 1364 kciptalan
1596 1275 2138 1363 bizonysdqlevele‚
2174 1277 2331 1362 hoyy
2351 1275 2591 1340 Balcizs
2611 1277 2918 1363 pozsonyi
2947 1281 3091 1341 veir-

833 1390 1112 1477 Jobbdqy
1144 1386 1380 1452 Miklo's
1426 1385 1733 1472 szolqdjdt
1777 1384 1970 1450 Vo‘rb's
2000 1382 2323 1450 Abraham
2375 1385 2658 1471 Pozsony
2704 1407 2910 1472 meqye
2942 1387 3095 1451 alis-

1546 1492 1884 1583 pdm‘dnak
1913 1492 2144 1559 ezadta.
2196 1494 2387 1556 1294.

762 1774 765 1783 Ι
1065 1695 1407 1764 Uniuersis
1462 1695 1705 1763 Christi
1736 1692 2040 1763 fidelibus
2091 1686 2433 1778 presentes
2468 1692 2723 1759 litteras
2757 1693 3087 1777 inspectu·

849 1805 939 1872 ris
973 1804 1349 1890 Capitulum
1384 1803 1681 1871 Ecclesie
1718 1801 2144 1873 Posoniensis
2197 1801 2479 1868 salutem
2532 1802 2596 1865 in
2632 1801 2933 1868 Domino.
2989 1802 3092 1867 Ad

844 1914 1294 1984 vniuersorum
1329 1911 1640 1980 noticiam
1674 1918 1898 1982 tenore
1931 1910 2341 1995 presencium
2381 1909 2687 1978 uolumus
2721 1910 3089 1997 peruenire,

849 2023 1020 2107 quod
1070 2021 1292 2088 Blasio
1345 2019 1477 2088 filio
1532 2020 1844 2107 Georgii,
1893 2021 2256 2106 jobagione
2307 2020 2508 2087 castri
2556 2020 2641 2085 ab
2692 2040 2824 2088 una
2875 2029 3093 2106 parte,

846 2130 1180 2203 Abraham
1216 2130 1383 2197 Rufo
1419 2130 1668 2198 Curiali
1701 2131 1957 2200 comite
1991 2128 2382 2199 Posoniensi
2430 2130 2515 2195 ab
2553 2128 2804 2214 altera,
2854 2130 3093 2196 consti-

849 2239 1006 2305 tutis
1042 2238 1482 2324 personaliter
1516 2260 1737 2309 coram
1772 2239 1966 2307 nobis
1985 2290 2005 2324 ,
2054 2236 2224 2306 idem
2262 2239 2521 2306 Blasius
2541 2288 2559 2321 ,
2596 2238 2924 2321 quendam
2962 2258 3092 2305 ser·

845 2369 998 2415 uum
1029 2368 1213 2418 suum
1245 2349 1710 2417 hereditarium
1746 2350 2138 2418 Nicholaum
2200 2348 2483 2433 nomine,
2516 2349 2714 2415 simul
2746 2367 2889 2414 cum
2924 2346 3091 2434 ipsis

845 2459 906 2520 in
937 2458 1143 2524 nostri
1198 2461 1546 2543 presencia
1593 2458 2089 2542 presencialiter
2139 2466 2641 2542 conparentem,
2697 2462 2764 2521 et
2811 2475 2884 2523 se
2936 2476 3087 2523 csse

852 2583 1108 2631 seruum
1161 2565 1372 2650 ipsius
1406 2565 1617 2651 Blasij
1651 2586 1810 2652 pure
1863 2572 1925 2632 et
1957 2565 2341 2651 simpliciter
2381 2562 2835 2643 confitentem,
2873 2563 3089 2632 eidem

850 2673 1114 2741 Abrahe
1147 2674 1312 2741 Rufo
1336 2726 1352 2759 ‚
1385 2695 1502 2760 pro
1537 2682 1816 2759 quatuor
1846 2677 2093 2744 marcis
2117 2727 2132 2756 ,
2187 2676 2475 2761 receptis
2509 2676 2804 2760 plenarie
2858 2676 2943 2743 ab
2979 2693 3086 2741 eo·

848 2778 1017 2865 dem,
1053 2780 1433 2850 uendidisse
1468 2788 1569 2849 est
1603 2782 1984 2867 confessns;
2035 2784 2449 2869 obligacione
2483 2783 2856 2850 huiusmodi
2890 2786 3061 2851 inter

848 2895 1051 2976 serta,
1085 2891 1261 2974 quod
1282 2892 1651 2975 quicunque
1680 2891 2118 2978 imposterum
2139 2893 2469 2978 presentis
2503 2891 2911 2960 vendicionis
2933 2911 3085 2962 oon·

847 3003 1125 3064 tractum
1178 2994 1539 3066 niterentur
1570 2998 1639 3065 in
1693 2999 1947 3065 irritum
1981 2996 2259 3065 forsitan
2291 3018 2630 3084 reuocare,
2676 2998 2821 3084 ipse
2856 2997 3086 3066 videli-

847 3113 950 3174 cet
979 3107 1241 3177 Blasius
1275 3109 1670 3192 antedictus,
1708 3111 1986 3177 eundem
2020 3108 2336 3176 Comitem
2371 3109 2713 3177 Abraham
2748 3107 3081 3177 tenebitur

847 3216 1162 3302 expedire
1193 3216 1482 3304 proprijs
1516 3216 1857 3285 laboribus
1910 3225 1977 3283 et
2008 3218 2338 3303 expensis.
2388 3220 2463 3285 In
2500 3218 2684 3285 cuius
2718 3219 2815 3285 rei
2846 3236 3086 3286 memo·

845 3327 1006 3393 riam
1040 3331 1381 3411 presentes
1437 3326 1878 3392 concessimus
1935 3327 2191 3394 litteras
2226 3327 2429 3413 sigilli
2462 3327 2672 3395 nostri
2726 3326 3087 3395 munimine

846 3436 1212 3503 roboratas.
1247 3434 1490 3501 Datum
1534 3454 1710 3502 anno
1741 3435 2003 3502 Domini
2034 3436 2136 3501 M⁰
2167 3436 2309 3505 (30⁰
2346 3436 2780 3523 nonagesimo
2823 3443 3087 3519 quarto.

1633 3597 1714 3663 A.
1932 3600 2004 3664 Β.
2220 3599 2291 3665 C.

845 3789 1113 3861 (Hartya.
1147 3788 1197 3843 A
1222 3789 1423 3861 pecset
1447 3791 1754 3849 zoldviirb's
1799 3793 2059 3863 selymen
2082 3790 2243 3868 fflgg.
2284 3792 2858 3867 Pozsonykaptalani
2898 3796 3084 3855 orsai-

1128 3898 1234 3953 gos
1273 3881 1519 3941 leveltar
1545 3883 1739 3956 Capsa
1766 3884 1908 3941 XIV
1910 3929 1922 3941 .
1963 3887 2133 3943 Faue.
2159 3886 2246 3942 23.
2276 3886 2411 3943 Nro.
2438 3887 2526 3945 29.
2563 3888 2793 3957 Knauz.)
