3416 5313
1489 373 1571 438 35

412 572 799 640 ratihabicio
820 625 839 659 ‚
889 571 1234 638 innouacio
1266 579 1333 641 et
1366 569 1779 638 confirmacio
1813 568 2050 654 prioris
2083 569 2463 638 donacionis
2493 570 2650 639 irre·

410 682 714 750 uocabile
749 689 815 749 et
866 687 1251 768 perpetuum
1286 682 1373 748 sit
1406 681 1751 746 munimen.
1803 677 2116 745 Volentes
2172 685 2240 743 et
2271 678 2485 746 edicto
2530 682 2651 747 Re-

409 792 544 876 gio,
576 797 891 877 perpetuo
926 790 1254 877 duraturo,
1306 787 1767 874 concedentes,
1802 784 1970 869 quod
2000 791 2388 871 prenotatas
2421 793 2652 872 terras,

410 900 608 968 simul
642 919 782 968 cum
818 899 1169 986 piscaturis
1190 920 1269 968 ac
1305 897 1676 965 earumdem
1697 895 2090 963 Vtilitatibus
2128 904 2193 961 et
2222 894 2651 982 pertinencijs

408 1008 757 1097 vniuersis‚
790 1010 1131 1075 memorati
1165 1010 1544 1094 Propositus
1578 1012 1642 1072 et
1676 1005 2046 1091 Capitulum
2078 1007 2501 1075 Posoniensis
2532 1010 2652 1075 Ec-

409 1116 613 1184 clesie
646 1122 956 1204 perpetuo
991 1115 1374 1201 possideant
1407 1114 1682 1199 pacifice
1718 1119 1780 1177 et
1816 1111 2053 1198 quiete.
2091 1110 2165 1179 In
2200 1114 2383 1183 cuius
2419 1135 2651 1182 memo·

396 1212 574 1291 ‘riam
609 1233 676 1292 et
707 1233 1091 1312 perpetuam
1126 1223 1496 1290 firmitatem
1519 1227 1860 1307 presentes
1895 1224 2336 1293 concessimus
2367 1223 2644 1307 litteras,

413 1334 747 1421 dupplicis
782 1335 988 1419 sigilli
1039 1335 1248 1401 nostri
1298 1334 1649 1399 munimine
1684 1333 2052 1400 roboratas.
2101 1336 2339 1400 Datum
2373 1356 2490 1420 per
2520 1354 2652 1400 ma·

409 1461 532 1507 nus
565 1441 971 1509 honorabilis
1025 1446 1091 1507 et
1143 1440 1409 1507 discreti
1452 1440 1577 1505 viri
1610 1439 1907 1524 magistri
1941 1436 2276 1507 Theodori
2325 1441 2650 1525 Prepositi

409 1551 730 1617 Albensis
764 1553 914 1617 aule
949 1556 1166 1618 nostre
1199 1548 1783 1632 vice-Cancellarij
1830 1547 2051 1613 dilecti
2085 1555 2148 1614 et
2179 1546 2390 1617 fidelis
2423 1550 2651 1633 nostri,

406 1678 586 1726 anno
621 1659 892 1725 Domini
922 1659 1022 1726 Μ’)
1055 1658 1197 1725 0Οο
1231 1657 1655 1742 nonagesimo
1690 1655 1915 1742 primo.
1950 1656 2163 1741 Regni
2197 1664 2411 1723 autem
2447 1659 2651 1725 nostri

408 1786 584 1834 anno
626 1767 945 1836 secundo,

407 1960 637 2033 (Kiirva
683 1981 717 2018 a
744 1960 937 2034 Capsa
985 1960 1028 2016 C
1061 1961 1230 2017 Fasc.
1278 1961 1328 2015 7.
1369 1961 1504 2017 Nro.
1552 1962 1636 2015 73.
1687 1958 1960 2017 szambol.
2007 1961 2059 2016 A
2086 1962 2652 2034 pozsonykaptalsni

1106 2051 1689 2126 maganlevdltArbol.
1729 2051 1959 2121 Knauz.)

1263 2346 1677 2355 ——ss—-mr-
1692 2346 1792 2355 -..ff-

1483 2907 1601 2973 23.

406 3106 540 3173 ΙΙΙ.
593 3106 807 3170 Endre
836 3107 1051 3191 kirdly
1097 3109 1302 3192 dtirja
1353 3108 1414 3170 63
1442 3106 1798 3192 meyerb'sz'ti
1845 3108 1963 3172 IV.
2002 3107 2354 3172 Ldszldnak
2385 3109 2563 3173 1278
2593 3111 2656 3172 ὡ

408 3209 589 3280 1280
610 3217 706 3280 §vi
736 3215 836 3280 ket
867 3213 1095 3299 levelc't,
1128 3213 1466 3302 melyekkel
1488 3213 1721 3279 Leiszld
1736 3215 1947 3302 kim-aly
1981 3239 2021 3278 a
2040 3218 2348 3305 pozsonyi
2366 3220 2652 3302 prepost-

409 3323 544 3388 nak
580 3324 640 3385 e's
671 3320 1105 3407 kdptalannak
1156 3321 1448 3388 Szelinch
1483 3324 1544 3385 e's
1573 3321 1960 3408 Flecendorf
2001 3322 2354 3389 birtokokat
2399 3325 2652 3390 adomci-

1296 3442 1537 3518 nyozta.
1572 3434 1767 3500 1291.

643 3628 997 3718 (A)ndreas
1050 3630 1175 3698 Dei
1223 3632 1449 3714 gracia
1488 3633 1864 3715 Hungarie,
1922 3635 2302 3722 Dalmacie,
2357 3635 2649 3723 Groacie,

410 3741 657 3823 Rame,
692 3742 917 3809 Seruie
941 3795 958 3828 ,
997 3740 1279 3806 Gallicie
1300 3792 1318 3826 ‚
1361 3740 1786 3825 Lodomerie,
1822 3740 2133 3810 Comanie
2158 3793 2176 3822 ,
2207 3744 2648 3828 Bnlgarieqne

408 3850 551 3913 Rex
583 3850 880 3914 omnibus
912 3856 1285 3935 presentem
1318 3852 1631 3934 paginam
1670 3851 2065 3936 inspecturis
2103 3854 2381 3920 salntem
2418 3857 2480 3918 in
2516 3874 2649 3920 om·

409 3957 587 4023 nium
620 3959 972 4024 saluatore.
1023 3956 1132 4025 Ad
1165 3958 1619 4025 uniuersorum
1667 3959 1976 4026 noticiam
2009 3961 2236 4027 harum
2271 3962 2438 4028 serie
2472 3966 2649 4030 volu-

409 4082 550 4128 mus
587 4064 948 4151 peruenire‚
984 4066 1154 4147 quod
1185 4066 1511 4131 discretus
1546 4067 1645 4130 uir
1690 4067 2004 4151 magister
2037 4069 2232 4144 Haab
2265 4071 2648 4157 Prepositus

409 4177 477 4237 et
509 4170 886 4257 Capitulum
924 4174 1220 4240 Ecclesie
1253 4174 1676 4240 Posoniensis
1712 4173 1940 4243 fideles
1973 4180 2199 4262 nostri,
2240 4178 2330 4244 ad
2361 4187 2648 4247 nostram

409 4279 804 4349 accedentes
839 4285 1271 4368 presenciam,
1308 4282 1743 4350 exhibuerunt
1773 4285 1964 4352 nobis
2001 4285 2128 4354 duo
2162 4288 2353 4371 paria
2383 4289 2647 4372 priuile-

411 4389 661 4472 giorum
697 4390 947 4458 domini
996 4391 1316 4480 Ladizlay
1347 4395 1524 4459 clare
1556 4396 1863 4461 memorie
1915 4394 2199 4464 Illustris
2239 4399 2438 4480 Regis
2470 4398 2647 4465 Hun-

411 4499 592 4582 garie
613 4549 632 4583 ,
683 4502 1003 4584 patruelis
1039 4503 1249 4570 nostri
1281 4505 1655 4589 karissimi,
1710 4525 1903 4571 vnum
1938 4505 2191 4572 scilicet
2225 4527 2421 4591 super
2453 4507 2649 4574 dona-

418 4609 601 4674 cione
656 4611 1078 4690 quarumdam
1131 4617 1448 4677 terrarum
1502 4611 1788 4678 Zeleneh
1842 4621 1907 4680 et
1939 4614 2340 4681 Flecendorf
2381 4626 2645 4684 uocata·

415 4738 574 4806 rum,
607 4738 728 4803 per
759 4720 1035 4787 eundem
1087 4720 1419 4788 dominum
1456 4720 1835 4788 Ladizlaum
1874 4725 2120 4809 Regem
2153 4725 2453 4791 Ecclesie
2488 4727 2648 4792 San·

2344 4835 2441 4900 3²?-
