3416 5313
1727 387 1776 476 —j
1829 367 1961 435 258

766 578 830 638 et
861 567 1368 638 contradicendo
1396 573 1797 653 protestatus
1852 573 1952 633 est
1986 584 2277 649 eousque
2336 563 2565 646 eciam,
2601 561 2808 628 donec
2841 558 3036 629 diffe-

759 679 983 746 rencia
1016 677 1135 743 hec
1170 697 1390 744 coram
1445 675 1810 742 venerabili
1841 674 1909 739 in
1942 673 2200 742 Christo
2249 677 2440 758 patre
2476 678 2541 738 et
2589 670 2850 737 domino
2906 675 3029 741 Jo-

760 788 1000 871 hanne‚
1038 786 1162 853 Dei
1196 792 1260 850 et
1294 783 1673 868 Apostolice
1725 780 1915 848 Sedis
1967 780 2198 865 gracia
2228 778 2744 864 Archiepiscopo
2779 777 3024 843 Eccle-

758 897 856 964 sie
890 892 1296 972 colocensis,
1350 899 1414 958 et
1447 893 1652 976 Regie
1686 890 2079 958 Serenitatis
2115 888 2515 957 Cancellarii
2538 939 2555 972 ,
2588 887 2870 969 aliisque
2905 885 3026 952 do-

761 1003 954 1071 minis
988 1001 1271 1069 Prelatis
1302 1000 1524 1068 revisa
1557 1005 1623 1064 et
1656 999 1880 1066 decisa
1934 997 2146 1065 fuerit.
2190 1001 2436 1066 Harum
2489 1003 2863 1064 nostrarum
2920 993 3016 1060 vi-

766 1131 924 1196 gore
960 1116 1025 1178 et
1058 1109 1433 1178 testimonio
1485 1108 1850 1174 litterarum
1902 1104 2250 1174 mediante.
2304 1105 2546 1174 Datum
2578 1103 2746 1169 feria
2777 1110 3028 1187 quarta

762 1218 1064 1303 proxima
1120 1224 1269 1300 post
1315 1217 1549 1284 festum
1585 1216 1778 1281 Beati
1833 1214 2177 1282 Michaelis
2227 1214 2646 1299 Archangeli,
2681 1232 2855 1279 anno
2889 1212 3027 1276 Do-

768 1327 926 1392 mini
957 1325 1304 1400 millesimo
1337 1325 1815 1393 trecentesimo.
1849 1324 2164 1391 Presente
2185 1322 2556 1390 venerabili
2575 1322 2718 1388 viro
2753 1319 3025 1385 domino

763 1434 1097 1518 Stephano
1134 1433 1613 1500 Archidiacono
1656 1431 1968 1516 Albensis
2007 1428 2328 1508 Ecclesie.

1137 1650 1146 1655 ”
1232 1645 1505 1716 (Teutsch
1531 1643 1592 1700 es
1619 1643 1962 1712 Firnhabe1·‚
1992 1644 2067 1700 id.
2095 1662 2170 1698 m.
2195 1644 2238 1700 Ι.
2265 1642 2321 1698 k.
2350 1643 2472 1697 221.
2501 1641 2565 1706 l.)

1815 2506 1965 2572 167.
2034 2516 2043 2520 ’

769 2719 865 2784 Az
916 2720 1157 2807 erde‘lyi
1197 2718 1445 2805 pfl-spiilc
1496 2745 1537 2784 a
1582 2723 2008 2787 m-ziramarosi
2058 2721 2299 2785 tizedelc
2356 2721 2708 2807 tciryydban
2758 2734 2834 2797 az
2887 2724 3028 2807 syri

1075 2829 1330 2914 pil-§pbk
1362 2829 1520 2894 ellen
1551 2852 1592 2892 a
1623 2831 1832 2893 ‘romaz‘
1861 2829 2110 2909 szekhez
2130 2826 2442 2913 felebbez.
2480 2831 2673 2893 1300.

1005 3027 1395 3094 Nos.frater
1449 3027 1829 3113 Stephanus
1896 3025 2164 3094 Ordinis
2217 3026 2493 3094 fratrum
2544 3028 3028 3096 Heremitarum

763 3134 988 3203 Sancti
1038 3135 1388 3220 Augustini
1444 3136 1528 3202 de
1576 3135 1766 3203 domo
1820 3134 2094 3201 Albensi
2146 3134 2667 3222 Transsiluanie,
2709 3142 2773 3201 et
2823 3135 3027 3203 frater

764 3243 1078 3311 Salamon
1109 3244 1366 3337 Lector,
1399 3248 1706 3339 totusque
1742 3243 2122 3310 Conuentus
2168 3243 2298 3310 loci
2352 3244 2647 3311 eiusdem
2695 3245 3026 3330 presenti-

764 3350 889 3416 bus
924 3348 1158 3432 quibus
1194 3337 1462 3437 expedit
1482 3350 1932 3436 significamus
1964 3353 2311 3438 Vniuersis,
2346 3352 2525 3449 quod
2546 3338 2859 3438 magister
2881 3353 3022 3440 Ny-

766 3456 993 3524 colaus
1044 3458 1558 3524 Archidiacouus
1613 3458 1697 3524 de
1731 3460 2001 3544 Zonuk,
2057 3444 2425 3526 Canonicus
2477 3459 2776 3554 Ecclesie
2823 3461 3022 3526 Beati

764 3565 1131 3651 Mychaclis
1186 3566 1591 3650 Archangeli
1648 3566 2154 3648 Transiluanie,
2204 3562 2516 3635 Notarius
2572 3569 2818 3635 domini
2869 3569 3024 3652 Epi-

768 3673 952 3757 scopi
983 3662 1478 3759 Transiluani,
1462 3695 1526 3740 ιιι
1559 3673 1665 3740 die
1696 3674 2210 3773 Epiphaniarum
2247 3674 2512 3745 Domini
2548 3695 2772 3744 coram
2805 3677 3020 3760 nobis»,

765 3780 1030 3847 nomine
1064 3781 1348 3866 predicti
1400 3781 1648 3848 domini
1679 3782 1781 3848 sui
1817 3770 2165 3866 quamdam
2201 3782 2360 3866 legit
2417 3790 2665 3879 cartam
2719 3784 3019 3869 appella-

765 3887 985 3970 tionis,
1019 3890 1190 3956 hunc
1224 3897 1518 3957 tenorem
1553 3891 2015 3957 continentem.

978 4015 1296 4084 Dominus
1347 4017 1653 4084 Andreas
1707 4018 2004 4085 Ecclesie
2039 4018 2385 4103 Agriensis
2427 3983 2798 4109 Episcopus
2820 4070 2837 4104 ,
2892 4020 3025 4087 etsi

767 4139 997 4189 sacros
1033 4142 1338 4203 canones
1354 4145 1482 4191 non
1516 4126 1815 4209 ignoret,
1867 4143 2203 4199 sacrorum
2237 4132 2454 4201 tamen
2495 4146 2814 4201 canonum
2850 4127 3025 4201 scita

760 4248 894 4297 non
926 4230 1296 4315 aduertens),
1346 4234 1447 4299 ius
1480 4232 1808 4311 decimale
1837 4241 1908 4314 et
1932 4232 2202 4313 iurisdic
2218 4236 2469 4313 cionem
2504 4234 2967 4319 spiritualem
2949 4255 3023 4302 m

760 4337 1195 4421 Marmar-isin,
1229 4357 1356 4420 que
1377 4346 1477 4411 est
1509 4340 1790 4422 quedam
1811 4342 2141 4426 particula
2167 4343 2495 4428 Dyocesis
2515 4341 3021 4428 Transsilvane‚

762 4550 848 4616 ad
883 4551 1250 4635 Ecclesiam
1286 4553 1827 4623 Transsiluanam
1863 4557 2221 4643 pertinere
2241 4565 2630 4642 noscuntur,
2686 4580 2729 4626 a
2759 4559 3024 4629 domino

760 4660 945 4748 Rege
976 4659 1103 4727 sibi
1137 4659 1282 4729 dari
1313 4668 1380 4747 et
1408 4659 1477 4725 in·
1513 4681 1953 4749 personasua
1986 4663 2116 4748 Ecc
2137 4664 2300 4747 lesie
2330 4665 2642 4752 Agriensi
2676 4667 2910 4743 donari
2944 4673 3031 4748 de
