3416 5313
1777 424 1905 490 180

1757 1030 1899 1096 119.

705 1229 992 1297 Demeter
1014 1230 1320 1316 pozsonyi
1351 1233 1412 1294 e's
1440 1229 1702 1314 zdlyomi
1735 1231 1921 1316 ispdn
1959 1250 2002 1291 a
2032 1228 2276 1314 kircilyi
2305 1229 2654 1316 so'lymosok
2671 1225 2961 1312 folddbb'l

1059 1335 1352 1423 effoqlalt
1370 1334 1478 1420 fel
1510 1337 1732 1422 ekenyi
1748 1333 1968 1419 fb'ldet
1998 1338 2358 1402 visszaite‘li.
2394 1339 2589 1403 1297.

921 1535 1059 1603 Nos
1090 1537 1405 1623 magister
1435 1533 1809 1603 Demetrius
1860 1536 2094 1603 Comes
2126 1535 2554 1605 Posoniensis
2606 1542 2672 1601 et
2718 1533 2803 1600 de
2833 1533 2952 1599 Zo-

707 1644 859 1728 lum,
893 1644 1125 1727 quibus
1157 1646 1425 1731 expedit
1456 1644 1901 1727 significamus
1934 1645 2279 1729 vniuersiS,
2318 1646 2491 1729 quod
2522 1663 2643 1713 nos
2674 1644 2762 1710 ad
2798 1662 2951 1727 spe-

707 1752 877 1820 ciale
925 1754 1300 1820 mandatum
1352 1752 1597 1819 domini
1648 1754 1856 1820 nostri
1903 1753 2168 1820 Andree
2220 1753 2347 1818 Dei
2396 1752 2626 1838 gracia
2666 1750 2952 1819 Illustris

702 1862 903 1947 Regis
933 1861 1269 1946 Hungarie
1313 1864 1639 1945 quandam
1672 1863 2066 1946 particulam
2118 1872 2289 1930 terre
2324 1863 2641 1929 cultiuate
2693 1859 2950 1945 dimidij

705 1971 906 2039 aratri
938 1971 1367 2040 sufficientem
1402 1973 1486 2039 de
1535 1980 1714 2038 terra
1746 1971 2256 2040 falconariorum
2290 1974 2498 2058 ipsius
2551 1971 2798 2039 domini
2830 1971 2954 2035 Re-

704 2078 811 2164 gis
842 2081 910 2147 in
943 2081 1160 2166 Lypto
1194 2081 1649 2165 existencium,
1686 2102 1810 2164 que
1843 2102 1959 2166 per
1992 2083 2383 2167 Gregorium
2406 2080 2699 2148 indebite
2739 2080 2959 2147 fuerat

705 2196 1046 2272 occupata,
1084 2190 1168 2256 ab
1202 2191 1437 2257 eodem
1460 2191 1780 2272 Gregorio
1814 2193 2171 2259 auferendo
2204 2190 2602 2260 restituimus
2635 2188 2955 2275 magistro

704 2296 993 2364 Johanni
1021 2296 1316 2382 Gallico,
1371 2304 1563 2384 prout
1613 2297 1676 2360 in
1712 2299 1923 2383 ipsius
1955 2297 2190 2368 litteris
2241 2320 2322 2369 ac
2372 2298 2826 2367 instrumentis
2862 2297 2958 2363 di-

707 2405 919 2474 uersis
951 2405 1142 2471 nobis
1177 2405 1445 2472 exibitis
1478 2406 1741 2490 plenius
1763 2407 2047 2475 vidimus
2082 2407 2421 2476 contineri.
2456 2406 2696 2473 Datum
2729 2408 2801 2471 in
2830 2403 2959 2486 Ly·

704 2519 818 2595 pto
870 2512 937 2577 in
990 2513 1337 2594 quindenis
1387 2513 1771 2582 Natiuitatis
1822 2516 2013 2583 Beati
2066 2515 2389 2585 Johannis
2441 2514 2741 2599 Baptiste
2781 2528 2957 2579 anno

703 2619 970 2691 Domini
1001 2622 1100 2690 M⁰
1131 2622 1274 2691 00⁰
1311 2624 1739 2710 nonagesimo
1772 2625 1955 2692 V110.

919 2822 1140 2889 Jeqym.
1167 2819 1438 2875 Eredetie
1482 2817 1800 2892 bb'rhartya
1825 2840 1861 2877 a
1886 2820 2415 2879 Hunt-Pazmantol
2444 2819 2668 2877 eredett
2691 2815 2959 2889 Kubinyi

705 2907 1041 2984 nemzetseg
1063 2906 1479 2969 leveltaraban.
1509 2898 1676 2980 Erdy.

1587 3203 2078 3216 ————n—-

1738 3701 1891 3767 12⁰.

703 3902 922 3965 Istvdn
941 3901 1198 3964 Mdrton
1212 3899 1334 3984 fia,
1357 3897 1691 3985 fequercs
1723 3897 1922 3962 ero'vel
1951 3898 2180 3962 rohant
2196 3897 2424 3962 Bither
2441 3897 2631 3963 Miko'
2642 3898 2746 3983 fia
2765 3897 2963 3962 Zilna

707 4006 965 4092 (Zsolna
1003 4006 1443 4092 Trencsinbe‘n)
1478 4007 1808 4072 birtokdra
1825 4055 1847 4087 ,
1898 4006 2057 4093 παρίῃ
2095 4006 2611 4073 hatalmaskodds
2658 4006 2963 4094 meybizo-

1042 4119 1376 4202 nyitdsdra
1407 4114 1711 4181 hacce-idi}
1737 4113 2124 4182 rendeltetik.
2158 4116 2357 4183 1297.
2390 4115 2598 4181 lauria.

920 4316 1172 4392 Damus
1204 4335 1323 4401 pro
1375 4313 1727 4396 memoria,
1781 4313 1955 4397 quod
2001 4314 2234 4382 Comes
2267 4315 2494 4382 Bither
2549 4313 2724 4381 filius
2774 4314 2963 4383 Miko

706 4424 1147 4510 personaliter
1182 4423 1464 4490 astando
1500 4428 1728 4488 contra
1761 4419 2075 4489 Comitem
2102 4422 2513 4511 Stephanum
2545 4423 2753 4490 filium
2785 4425 2966 4491 Mar-

704 4532 826 4599 tini
859 4532 1164 4598 similiter
1197 4528 1635 4615 personaliter
1668 4535 2130 4614 conparentem
2148 4579 2165 4613 ,
2200 4530 2267 4596 in
2298 4529 2510 4617 figura
2540 4530 2774 4617 iudicij
2810 4551 2966 4615 ege-

704 4639 789 4705 rit
824 4659 1042 4706 coram
1073 4638 1264 4705 nobis
1295 4637 1414 4707 tali
1443 4638 1674 4705 modo:
1707 4636 1898 4715 Quod
1927 4639 2058 4706 hoc
2089 4657 2262 4706 anno
2285 4639 2451 4706 feria
2488 4638 2786 4708 secunda
2805 4661 2963 4726 pro-

702 4748 883 4817 xima
911 4757 1064 4834 post
1094 4747 1330 4816 festum
1360 4750 1575 4818 Pasce
1603 4746 1872 4813 Domini
1901 4745 2075 4814 idem
2092 4734 2347 4816 'Comes
2391 4749 2776 4835 Stephanus
2815 4770 2965 4817 cum
