3416 5313
1324 396 1632 497 ..έὲ-

356 599 617 683 iugum,
669 596 993 664 secundas
1046 602 1113 662 et
1162 593 1391 662 tertias
1447 601 1512 659 et
1561 592 1873 677 deinceps
1907 592 2172 679 nuptias
2223 587 2590 657 successive

352 708 573 773 licitas
608 725 756 772 esse
792 703 971 786 dicit,
1005 705 1062 769 si
1114 704 1642 788 impedimentum
1676 703 2062 769 canonicum
2111 721 2193 767 ex
2232 719 2434 766 causa
2465 697 2599 763 alia

358 836 494 883 non
523 814 826 882 obsistat.
851 812 1010 899 Ipsa
1032 832 1295 895 quoque
1328 810 1770 879 Sacrosancta
1789 811 2087 875 Romana
2106 808 2409 876 Ecclesia
2431 827 2601 873 sum-

354 944 529 990 mum
562 931 628 990 et
657 925 923 1009 plenum
973 920 1333 989 Primatum
1385 927 1449 987 et
1498 920 1949 1004 Principatum
1983 938 2181 1003 super
2219 917 2595 985 universam

354 1032 765 1100 Catholicam
798 1032 1169 1099 Ecclesiam
1203 1030 1525 1112 obtinens,
1559 1048 1751 1113 quem
1786 1048 1857 1094 se
1893 1030 1977 1094 ab
2030 1028 2174 1113 ipso
2209 1027 2490 1094 Domino
2525 1025 2592 1090 in

350 1143 566 1207 Beato
588 1142 780 1206 Petro
814 1140 1277 1226 Apostolorum
1328 1137 1623 1224 principe
1676 1156 1794 1206 seu
1828 1136 2094 1221 vertice,
2132 1136 2314 1200 cuius
2358 1136 2591 1202 Roma-

348 1268 469 1315 nus
500 1249 805 1317 Pontifex
857 1256 960 1316 est
1010 1267 1385 1329 successor,
1440 1267 1587 1314 cum
1638 1245 1989 1333 potestatis
2038 1243 2447 1329 plenitudine
2495 1261 2599 1307 re-

351 1358 617 1442 cepisse
672 1358 992 1424 veraciter
1044 1363 1109 1423 et
1160 1355 1491 1422 humiliter
1528 1355 1962 1439 recognoscit,
1997 1353 2169 1420 sicut
2209 1372 2324 1438 pre
2358 1351 2597 1418 ceteris

348 1471 615 1533 tenetur
636 1464 794 1534 fidei
813 1464 1156 1531 veritatem
1186 1463 1562 1549 defendere,
1598 1463 1693 1528 sic
1727 1469 1794 1529 et
1826 1463 1885 1529 si
1916 1481 2039 1545 que
2061 1463 2143 1529 de
2174 1460 2302 1528 fide
2336 1461 2596 1527 suborte

346 1573 594 1642 fuerint
625 1574 998 1657 questiones
1022 1625 1041 1659 ,
1095 1592 1213 1640 suo
1247 1572 1444 1639 debet
1475 1571 1714 1638 iudicio
1751 1570 2051 1638 diffinire.
2106 1570 2209 1636 Ad
2243 1589 2442 1655 quam
2480 1589 2598 1654 po-

352 1689 492 1748 test
541 1690 861 1769 gravatus
912 1681 1193 1766 quilibet
1243 1683 1309 1747 in
1357 1682 1638 1768 negotiis
1692 1682 1780 1748 ad
1813 1680 2023 1747 forum
2074 1678 2598 1747 ecclesiasticum

344 1793 829 1876 pertinentibus
864 1790 1229 1878 appellare,
1254 1790 1375 1857 sed
1407 1798 1474 1856 et
1506 1791 1574 1856 in
1606 1788 1905 1855 omnibus
1940 1786 2162 1854 causis
2195 1787 2284 1855 ad
2316 1807 2592 1870 examen

342 1902 870 1970 ecclesiasticum
890 1900 1345 1988 spectantibus
1379 1900 1466 1967 ad
1498 1901 1702 1985 ipsius
1738 1905 1957 1983 potest
1987 1898 2229 1987 recurri
2262 1896 2593 1981 iudicium,

343 2017 414 2077 et
448 2010 661 2076 eidem
696 2029 920 2078 omnes
974 2009 1257 2078 ecclesie
1302 2019 1449 2077 sunt
1500 2010 1833 2090 subiecte,
1869 2007 2291 2092 ipsarumque
2322 2006 2595 2088 Prelati,

342 2128 415 2184 et
448 2119 887 2186 obedientiam
943 2127 1011 2186 et
1060 2119 1499 2186 reverentiam
1550 2120 1677 2185 sibi
1713 2117 1992 2205 debent3
2034 2115 2210 2202 apud
2244 2134 2439 2198 quam
2492 2114 2589 2182 sic

339 2228 688 2311 plenitudo
720 2227 1075 2313 potestatis
1110 2228 1430 2310 consistit,
1465 2228 1640 2309 quod
1672 2225 1997 2294 ecclesias
2050 2231 2306 2293 ceteras
2338 2223 2426 2289 ad
2458 2227 2586 2290 sol-

341 2334 708 2404 licitudinis
742 2343 1000 2421 partem
1032 2337 1340 2403 admittit.
1376 2336 1668 2415 Quarum
1700 2337 1961 2418 multas,
2000 2343 2067 2402 et
2096 2332 2611 2401 Patriarchales-

337 2447 655 2532 precipue
688 2447 964 2514 diversis
1015 2445 1388 2531 privilegiis
1443 2445 1678 2512 eadem
1730 2445 2030 2510 Romana
2060 2443 2364 2510 Ecclesia
2395 2441 2592 2506 hono-

340 2556 557 2639 ravit,
613 2575 733 2624 sua
765 2563 987 2621 tamen
1038 2555 1459 2640 prerogativa
1508 2560 1641 2621 tam
1683 2553 1748 2620 in
1786 2553 2206 2639 generalibus
2260 2551 2591 2630 conciliis,

343 2684 544 2747 quam
575 2666 643 2732 in
672 2666 1189 2751 quibuscumque
1242 2666 1392 2737 aliis,
1448 2684 1708 2751 semper
1742 2666 1950 2730 salva.
1985 2664 2231 2729 Datum
2262 2661 2438 2749 apud
2477 2662 2593 2728 Ur-

340 2774 821 2842 bem-Veterem
854 2773 938 2838 X.
980 2774 1310 2841 kalendas
1361 2772 1630 2857 Aprilis,
1687 2769 2113 2838 Pontificatus
2163 2769 2368 2837 nostri
2417 2788 2592 2837 anno

347 2891 604 2969 quarto.

342 3077 473 3150 (IV.
499 3079 707 3135 Miklos
733 3078 885 3151 papa
922 3077 1320 3151 Regestaibol,
1352 3076 1611 3132 Theiner
1636 3075 1713 3131 id.
1739 3093 1813 3130 m.
1846 3074 1889 3129 l.
1917 3075 1972 3129 k.
2000 3075 2119 3133 376.
2145 3076 2181 3131 l.
2223 3073 2585 3145 Ugyanazon

338 3170 616 3243 papanak
662 3190 698 3227 a
742 3169 1025 3244 bolgarok
1069 3168 1484 3241 feJedelmehez
1529 3167 1603 3223 irt
1627 3166 1842 3223 levelet
1866 3168 1903 3221 l.
1932 3165 2198 3235 Fejernel
2242 3164 2381 3221 Cod.
2420 3164 2588 3235 Dipl.

1160 3259 1282 3315 Vll.
1310 3261 1367 3316 k.
1390 3260 1445 3315 5.
1474 3279 1520 3315 r.
1545 3260 1672 3316 491.
1700 3256 1762 3325 l.)
