3416 5313
1438 377 1514 443 21

363 576 677 647 modestis
711 575 1007 642 inclinati
1030 626 1048 659 ,
1101 574 1593 643 considerantes
1646 578 2107 659 nichilominus
2140 582 2499 655 fidelitates
2534 594 2598 653 et

362 686 644 754 seruicia
678 686 1028 754 eorundem
1061 684 1254 751 nobis
1276 694 1340 752 et
1372 686 1597 768 Regno
1619 688 1932 773 proficua,
1969 697 2309 757 cernentes
2344 699 2407 757 et
2441 714 2594 778 pau-

361 803 646 881 pertates
678 801 744 860 et
776 793 1279 879 indempnitates
1332 795 1619 879 ipsorum
1660 795 1987 883 hospitum
2041 804 2409 867 nostrorum
2443 824 2593 888 pro·
2641 878 2644 883 ,

359 911 506 990 pter
568 902 877 990 temporis
941 903 1373 988 impacaciam
1439 923 1828 992 perpessas3
1894 907 2167 991 prefatis
2227 908 2595 997 hospitibus

360 1013 600 1080 nostris
634 1012 718 1078 de
752 1010 1088 1096 Desakna,
1131 1011 1551 1098 congregatis
1585 1020 1651 1080 et
1682 1016 2182 1102 congregandis,
2225 1019 2411 1085 illam
2446 1042 2596 1088 ean·

361 1121 507 1187 dem
537 1120 906 1188 libertatem
932 1123 1316 1189 contulimus
1338 1129 1405 1186 et
1437 1123 1903 1208 concessimus,
1939 1145 2070 1209 qua
2092 1126 2394 1193 libertate
2415 1130 2594 1197 ciues

360 1228 444 1295 de
479 1231 710 1297 Castro
742 1231 1024 1298 Budensi
1044 1280 1060 1313 ,
1115 1236 1180 1298 et
1213 1230 1649 1315 Strigoniensi
1671 1282 1690 1315 ,
1724 1240 1785 1299 et
1815 1233 2115 1319 hospites
2147 1234 2229 1302 (16
2260 1236 2593 1323 Zathmar,

363 1358 443 1403 ac
476 1340 751 1404 aliarum
785 1340 1135 1407 liberarum
1187 1339 1491 1406 villarum
1524 1348 1887 1408 nostrarum
1927 1342 2356 1427 perfruuntur.
2391 1345 2495 1411 Ita
2527 1355 2596 1412 ut

359 1446 623 1513 villicus
656 1444 948 1533 ipsorum
997 1468 1118 1531 pro
1173 1454 1465 1533 tempore
1517 1451 1942 1531 constitutus,
1989 1471 2215 1519 omnes
2257 1471 2492 1521 causas
2524 1455 2593 1520 in

358 1555 519 1620 villa
551 1565 960 1640 emergentes
993 1554 1116 1623 fine
1154 1557 1376 1623 debito
1409 1558 1635 1624 valeat
1671 1558 2041 1643 terminare,
2081 1564 2145 1626 et
2178 1560 2348 1642 quod
2380 1563 2594 1630 nullus

358 1662 542 1748 ipsos
576 1667 788 1749 possit
838 1666 1126 1732 iudicare
1175 1673 1394 1751 preter
1430 1665 1721 1733 villicum
1773 1687 2033 1746 eorum,
2084 1670 2171 1737 ab
2206 1669 2456 1738 eisdem
2511 1671 2596 1739 de

358 1773 680 1839 communi
710 1777 1052 1842 voluntate
1085 1776 1404 1860 electum;
1471 1782 1536 1842 et
1568 1771 1624 1841 si
1657 1776 1918 1846 uillicus
1956 1779 2021 1843 in
2073 1778 2384 1846 facienda
2416 1782 2595 1847 iusti·

355 1882 463 1947 cia
499 1902 642 1949 cum
672 1883 810 1949 suis
842 1885 1108 1951 villanis
1141 1884 1483 1970 negligens
1517 1885 1825 1952 inuentus
1860 1886 2057 1954 fuerit
2118 1895 2233 1955 aut
2263 1889 2593 1973 remissuS,

355 1990 532 2056 idem
563 1989 844 2074 villicus,
868 1998 931 2057 et
953 2012 1082 2060 non
1103 1993 1420 2077 hospiteS,
1446 1994 1694 2061 debeat
1718 1995 2073 2079 conueniri‚
2100 1996 2443 2082 ipsumque
2473 1998 2591 2066 vil-

354 2099 547 2165 licum
570 2120 699 2166 non
723 2101 915 2185 allus,
938 2102 1058 2168 sed
1079 2104 1186 2168 uel
1219 2122 1340 2169 nos
1361 2102 1816 2189 personaliter,
1852 2103 1960 2169 uel
1985 2105 2300 2188 Magister
2320 2106 2590 2173 Tawar-

299 2237 302 2240 ⁴
356 2209 644 2277 nicorum
697 2215 1058 2275 nostrorum
1109 2211 1252 2278 vice
1303 2218 1526 2278 nostra
1577 2210 1821 2277 debeat
1877 2209 2210 2295 iudicare;
2262 2233 2304 2278 a
2355 2198 2592 2279 iudicio

355 2324 578 2381 autem
613 2323 678 2382 et
710 2316 1168 2385 iurisdiccione
1220 2319 1566 2404 Wayuode
1599 2318 2054 2387 Transsiluani
2108 2328 2173 2387 et
2207 2320 2478 2388 Comitis
2512 2324 2594 2390 de

352 2424 582 2489 Zonuk
612 2445 730 2510 pro
782 2432 1078 2512 tempore
1135 2428 1512 2511 constituti,
1568 2427 1861 2510 hospites
1894 2434 2154 2496 nostros
2202 2436 2592 2497 memoratos

351 2535 609 2619 penitus
643 2535 943 2602 duximus
978 2536 1402 2620 eximendos3
1437 2538 1734 2605 volumus
1769 2539 1999 2624 eciam,
2040 2545 2111 2605 ut
2144 2539 2360 2607 nullus
2392 2541 2592 2607 Baro-

352 2661 505 2706 num
539 2649 906 2711 nostrorum
941 2665 1135 2729 super
1186 2643 1365 2730 ipsos
1401 2645 1762 2730 hospicium
1815 2646 2036 2714 facere
2084 2647 2294 2735 possit
2346 2648 2589 2716 violen-

352 2757 506 2815 tum.
535 2752 694 2818 Item
729 2751 1126 2836 ordinamus,
1161 2761 1231 2820 vt
1263 2755 1548 2822 Comites
1582 2753 1861 2823 Camare
1895 2765 2113 2824 nostre
2148 2776 2266 2843 pro
2298 2764 2592 2844 tempore

352 2860 685 2927 constituti
719 2861 1013 2929 salicidis
1046 2880 1182 2930 sew
1214 2861 1621 2930 excisoribus
1677 2864 1918 2931 salium
1950 2867 2034 2933 de
2073 2867 2440 2935 Desakana
2471 2887 2592 2952 pro

355 2969 629 3052 singulis
651 2976 905 3036 centum
928 2971 1179 3039 salibus
1200 2971 1463 3038 soluera
1486 2968 1661 3057 (igy)
1686 2970 1975 3038 debeant
1997 2969 2272 3056 quatuor
2303 2978 2593 3063 pondera

354 3078 422 3142 in
456 3079 750 3164 denarijs
773 3129 790 3162 ,
842 3087 1032 3163 prout
1063 3085 1216 3144 tunc
1248 3080 1314 3143 in
1357 3081 1700 3165 prouincia
1745 3090 2041 3165 current,
2096 3088 2161 3148 et
2190 3082 2592 3152 delatoribus

355 3190 703 3256 eorundem
736 3187 968 3255 salium
991 3239 1008 3272 ‚
1067 3191 1190 3257 sub
1225 3189 1522 3275 predicto
1558 3191 1936 3257 centenario
1970 3210 2234 3261 numero
2267 3193 2393 3259 duo
2424 3212 2592 3277 pon-

355 3294 514 3363 dera
543 3298 801 3364 soluere
823 3304 1194 3380 teneantur,
1230 3297 1531 3363 similiter
1561 3298 1630 3364 in
1655 3298 1951 3385 denarijs
1973 3301 2393 3368 currentibus.
2428 3303 2592 3367 Item

354 3405 716 3489 statuimus,
752 3406 918 3489 quod
953 3407 1313 3489 quamlibet
1347 3407 1773 3476 salifodinam
1808 3409 1964 3475 dicti
1998 3408 2284 3477 Comites
2317 3410 2592 3478 Camere

355 3520 599 3600 nostre,
635 3517 807 3583 omni
832 3536 1026 3601 anno,
1063 3537 1267 3600 usque
1288 3517 1373 3583 ad
1406 3516 1641 3584 festum
1663 3518 1888 3587 Sancti
1920 3521 1961 3588 J
1966 3519 2241 3588 ohannis
2274 3521 2589 3606 Baptiste,

357 3644 475 3709 pro
528 3632 782 3709 septem
833 3629 1069 3691 mareis
1122 3646 1268 3692 cum
1319 3627 1751 3696 extimacione
1802 3627 2090 3695 debeant
2139 3627 2457 3695 redimere
2504 3629 2588 3695 ab

353 3733 721 3819 hospitibus
773 3735 1019 3803 nostris
1069 3737 1484 3820 memoratis,
1556 3744 1620 3803 et
1673 3756 1717 3802 a
1768 3737 1936 3805 festo
1988 3737 2217 3804 Sancti
2266 3737 2588 3806 Johannis

352 3844 647 3931 Baptiste
698 3863 905 3928 vsque
956 3844 1193 3911 festum
1245 3845 1471 3912 Sancti
1520 3845 1786 3911 Martini
1833 3846 2134 3914 similiter
2185 3867 2303 3934 pro
2334 3853 2590 3932 septem

356 3952 588 4019 marcis
644 3972 788 4019 cum
844 3954 1276 4022 extimacione
1337 3955 1697 4038 quamlibet
1762 3955 2185 4023 salifodinam
2244 3956 2587 4023 redimant.

353 4060 518 4127 Item
553 4064 988 4130 concessimus
1009 4111 1027 4141 ,
1079 4068 1150 4129 ut
1184 4069 1342 4129 ante
1375 4063 1617 4131 festum
1653 4061 1879 4131 Sancti
1911 4065 2172 4132 Martini
2221 4065 2426 4135 tribus
2456 4065 2591 4133 die-

354 4168 478 4235 bus
513 4177 576 4236 et
607 4177 760 4256 post
812 4170 1043 4237 festum
1095 4172 1398 4240 similiter
1446 4172 1654 4239 tribus
1686 4171 1960 4259 diebuS,
2014 4174 2071 4244 si
2102 4195 2233 4241 non
2281 4176 2414 4241 sint
2445 4174 2586 4244 dies

354 4277 718 4361 interdicti,
772 4280 838 4345 in
872 4280 1237 4350 salifodina
1268 4289 1496 4353 nostra
1527 4302 1646 4370 pro
1677 4302 1751 4349 se
1783 4283 1959 4352 sales
2008 4283 2297 4354 incidere
2337 4285 2589 4370 absque

357 4385 610 4472 decima
643 4394 711 4453 et
745 4389 828 4455 ab
861 4391 1082 4474 aliquo
1115 4391 1358 4461 tributo
1408 4393 1684 4459 liberam
1717 4393 2011 4461 habeant
2043 4394 2460 4479 facultatem;
2493 4393 2587 4460 ita

359 4501 428 4558 ut
462 4515 582 4562 nec
613 4495 981 4584 Wayuoda‚
1013 4519 1137 4566 nec
1172 4500 1406 4568 Comes
1438 4500 1643 4585 ipsius
1695 4501 1778 4568 (16
1810 4501 2044 4570 Zonuk
2075 4499 2337 4568 racione
2387 4502 2590 4570 dicto·

345 4623 483 4668 rum
516 4606 773 4690 salium,
808 4607 1016 4677 donec
1042 4610 1417 4678 vendicioni
1451 4616 1829 4695 exponatur,
1865 4613 2110 4680 audeat
2151 4611 2256 4676 vel
2287 4629 2589 4696 presum-

359 4722 493 4779 mat
524 4717 878 4784 molestare
928 4718 1219 4806 hospites
1253 4726 1511 4788 nostros
1549 4725 1960 4790 memoratos.
2015 4720 2318 4794 Ceterum
2351 4717 2581 4794 statui-
