3416 5313
1845 363 1933 433 80

1716 456 1864 464 ——-—-
1881 456 2041 463 *⁴⁸⁴⁷*

763 563 831 624 ut
861 556 1061 628 Jhoni
1082 560 1214 629 filio
1233 560 1473 631 Jhonis
1501 562 1749 630 homini
1780 570 2024 650 nostro,
2046 583 2231 632 suum
2264 560 2498 631 darent
2523 559 2993 643 testimonium,

754 685 974 735 coram
1005 688 1150 754 quo,
1185 671 1360 738 idem
1393 672 1639 739 Jhones
1672 672 2115 739 reambularet
2144 672 2389 740 dictam
2409 676 2670 760 terram,
2705 677 2772 739 et
2804 669 2863 736 si
2894 670 2991 735 in·

757 776 1011 844 ueniret
1062 796 1206 843 eam
1259 777 1350 846 ad
1398 788 1693 848 nostram
1745 780 2171 849 collacionem
2223 780 2653 868 pertinentem
2673 830 2691 865 ‚
2745 782 2997 845 statuet

758 883 1049 969 predicto
1083 887 1420 971 Stephano
1452 887 1712 955 nemine
1751 888 2229 959 contradictore
2273 891 2598 957 existente
2618 939 2638 972 ‚
2671 886 2995 954 contradi—

759 1005 971 1068 ctores
1005 1019 1180 1087 uero,
1215 998 1273 1069 si
1305 1000 1418 1083 qui
1451 1001 1686 1084 forent,
1735 1002 1820 1067 ad
1851 1008 2144 1069 nostram
2176 999 2582 1086 presenciam
2623 1004 2998 1066 enecarent.

757 1106 945 1186 Quod
972 1092 1235 1190 quidem
1257 1108 1628 1194 Capitulum
1659 1109 1848 1177 nobis
1876 1106 2288 1194 postmodum
2321 1109 2800 1195 rescripserunt
2828 1103 2999 1194 (igy)

756 1216 824 1284 in
844 1217 968 1282 hec
1002 1216 1227 1283 uerba.

972 1325 1538 1393 Excellentissimo
1572 1324 1832 1394 domino
1866 1346 2006 1411 suc,
2039 1328 2303 1396 Andree
2336 1325 2463 1394 Dei
2494 1327 2722 1411 gracia
2754 1322 3004 1392 Illustri

755 1434 922 1516 Regi
953 1434 1291 1519 Hungarie
1325 1433 1694 1518 Capitulum
1728 1434 2039 1503 Albensis
2073 1435 2374 1503 Ecclesie
2409 1435 2883 1503 Transsiluane
2908 1431 3004 1496 in—

758 1542 1183 1613 clinacionem
1217 1549 1282 1610 et
1314 1543 1685 1611 oracionem
1706 1545 1773 1608 in
1806 1545 2108 1631 Domino,
2143 1543 2401 1613 debitas
2436 1550 2502 1610 et
2533 1542 2832 1611 deuotas.
2865 1540 3004 1607 Lit-

759 1657 940 1719 teras
974 1655 1191 1718 uestre
1225 1651 1619 1719 Serenitatis
1651 1651 2017 1737 recepimus
2065 1652 2130 1720 in
2162 1653 2287 1720 hec
2321 1656 2525 1720 uerba
2557 1675 2571 1715 ε

972 1761 1270 1829 Andreas
1301 1761 1428 1828 Dei
1481 1760 1712 1846 gracia
1742 1761 1884 1828 Rex
1932 1762 2268 1848 Hungarie
2290 1812 2307 1846 ‚
2360 1754 2667 1828 fidelibus
2700 1761 2851 1843 suiS‚
2887 1757 3008 1824 Ca-

756 1870 961 1957 pitulo
1009 1872 1319 1938 Albensis
1370 1871 1667 1939 Ecclesie
1722 1870 2201 1940 Transsiluane
2253 1873 2533 1940 salutem
2572 1877 2637 1937 et
2687 1868 3004 1957 graciam.

758 1980 1132 2066 Stephanus
1164 1981 1342 2047 filius
1374 1978 1631 2046 Mathei
1663 1979 1748 2047 de
1781 1979 1966 2048 Chan
2022 1981 2345 2063 quandam
2378 1987 2623 2048 terram
2661 1977 2864 2045 castri
2897 1996 3006 2042 no-

761 2090 883 2154 stri
914 2088 994 2155 de
1044 2089 1277 2156 Zonuk
1305 2090 1544 2167 ‚Kerew
1591 2094 1897 2157 uocatam
1938 2088 2171 2173 petivit
2200 2109 2243 2154 a
2275 2089 2465 2154 nobis
2517 2087 2646 2155 sibi
2681 2085 2850 2171 dari,
2885 2083 3010 2151 sed

681 2270 687 2279 ,
764 2198 923 2281 quia
954 2200 1197 2266 ueritas
1232 2199 1316 2266 de
1347 2198 1608 2283 prefata
1630 2204 1806 2265 terra
1838 2199 2026 2265 nobis
2061 2219 2193 2265 non
2229 2205 2505 2273 constat,
2525 2204 2739 2265 vtrum
2776 2193 2862 2263 ad
2895 2213 3011 2258 no-

760 2314 963 2374 stram
996 2304 1320 2391 pertineat
1370 2305 1802 2372 collacionem
1834 2327 1954 2373 ncc
1988 2327 2092 2392 ne,
2129 2305 2429 2374 fidelitati
2460 2314 2677 2372 uestre
2713 2303 3011 2389 precipi-

762 2414 930 2481 endo
967 2411 1380 2494 mandamus,
1416 2420 1739 2496 quatenus
1775 2415 2045 2480 mittatis
2078 2416 2406 2482 hominem
2438 2424 2729 2482 uestrum
2763 2434 2885 2500 pro
2922 2420 3015 2476 te-

762 2522 1105 2604 stimoni0,
1157 2542 1377 2589 coram
1428 2541 1557 2604 quo
1608 2521 1861 2588 Jhones
1912 2520 2080 2588 filius
2132 2521 2368 2590 Jhonis
2403 2522 2486 2588 de
2521 2521 2771 2602 Erkud,
2808 2519 3014 2586 hom-o
3087 2508 3090 2511 ’

762 2639 986 2701 noster
1011 2683 1026 2712 ‚
1061 2630 1338 2698 accedat
1385 2631 1474 2699 ad
1528 2630 1766 2699 faciem
1798 2630 1972 2698 dicte
2007 2639 2196 2710 terre,
2220 2639 2285 2697 et
2318 2631 2681 2698 reambulet
2709 2628 3014 2709 eandem,

764 2749 828 2805 et
857 2741 1099 2825 videat,
1132 2740 1191 2805 si
1222 2748 1510 2807 nostram
1549 2739 1978 2806 collacionem
2034 2740 2363 2826 pertineat
2393 2760 2512 2808 nec
2551 2761 2657 2822 ne,
2693 2747 2847 2826 post
2885 2738 3019 2806 hoc

767 2855 989 2914 autem
1026 2847 1401 2931 qualitatem
1453 2848 1665 2933 ipsius
1715 2855 1884 2915 terre
1937 2856 2000 2915 et
2031 2849 2463 2933 quantitatem
2493 2848 2681 2914 nobis
2723 2847 3021 2913 fideliter

766 2956 1166 3025 rescribatis.
1201 2957 1444 3021 Datum
1496 2956 1806 3039 Strigonii
1839 2955 2004 3022 feria
2037 2962 2228 3021 sexta
2262 2956 2559 3040 proxima
2589 2963 2741 3022 ante
2774 2957 3020 3021 festum

763 3065 1143 3134 Natiuitatis
1178 3064 1385 3131 Beate
1425 3063 1735 3149 Virginis.

974 3175 1115 3240 Nos
1149 3172 1323 3239 enim
1354 3173 1681 3259 perceptis
1715 3170 1950 3238 litteris
1985 3169 2390 3255 obedienteS,
2413 3179 2480 3237 ut
2513 3181 2829 3255 tenemur,
2871 3191 3020 3237 cum

766 3284 942 3351 dicto
991 3283 1260 3350 homine
1315 3289 1534 3348 uestro
1587 3302 1670 3348 ex
1720 3282 1916 3346 nobis
1967 3280 2258 3346 misimus
2293 3301 2409 3364 pro
2452 3280 2870 3364 testimonie,
2908 3278 3022 3362 qui

767 3411 1074 3458 reuersus
1108 3390 1298 3458 nobis
1318 3390 1486 3457 dixit
1505 3389 1882 3473 requisitus,
1905 3388 2079 3470 quod
2101 3390 2245 3472 ipso
2279 3396 2589 3473 presente
2622 3389 2800 3456 idem
2822 3390 3023 3457 homo

766 3508 1006 3586 uester,
1044 3521 1243 3586 super
1275 3499 1515 3566 faciem
1545 3502 1905 3563 memorate
1931 3504 2110 3564 *terre
2145 3496 2543 3581 accedendo,
2578 3505 2650 3564 ut
2682 3497 3025 3565 sciscitari

769 3611 1000 3697 potuit,
1037 3609 1312 3675 eandem
1364 3606 1617 3675 invenit
1667 3606 1754 3671 ad
1787 3612 2073 3673 uestram
2106 3606 2534 3675 collacionem
2566 3605 2923 3692 pertinere,
2961 3613 3028 3671 et

773 3737 921 3785 esse
958 3717 1365 3785 suficientem
1398 3715 1488 3781 ad
1519 3712 1746 3781 decem
1776 3719 2015 3779 aratra.

983 3825 1119 3891 Nos
1154 3825 1348 3907 igitur
1390 3820 1826 3890 consideratis
1859 3821 2283 3891 fidelitatibus
2316 3830 2381 3890 et
2420 3823 2854 3894 seruiciorum
2892 3842 3027 3889 me-

774 3932 920 4000 ritis
954 3933 1158 4017 ipsius
1191 3933 1308 4014 St„
1343 3952 1469 4015 que
1502 3931 1695 3998 nobis
1746 3930 1813 3996 in
1849 3930 2127 3996 diuersis
2160 3931 2490 4014 articulis,
2528 3939 2595 3998 et
2634 3932 2924 3999 maxime
2960 3932 3028 3996 in

774 4038 1189 4126 expeditione
1224 4047 1492 4124 nostra,
1547 4058 1739 4120 quam
1776 4045 2001 4105 contra
2035 4039 2362 4105 dominum
2394 4040 2736 4107 Albertum
2769 4045 3032 4109 Ducem

771 4148 1036 4217 Austrie
1070 4155 1135 4215 et
1168 4147 1367 4214 Stirie
1402 4167 1480 4212 eo
1517 4153 1815 4233 tempore
1864 4154 2152 4212 nostrum
2185 4153 2250 4211 et
2284 4150 2495 4235 Regni
2529 4151 2739 4217 nostri
2774 4151 3034 4236 capita-

774 4259 902 4325 lem
934 4255 1265 4322 inimicum
1294 4254 1663 4339 habuimuS,
1697 4253 1998 4321 exhibuit
2047 4260 2111 4319 et
2143 4254 2495 4341 impendit,
2539 4260 2653 4327 ubi
2684 4258 3035 4342 predictus

775 4369 868 4435 St.
902 4367 1022 4432 sub
1065 4363 1330 4430 civitate
1383 4363 1748 4430 Viennensi
1797 4368 2027 4428 contra
2061 4368 2312 4445 partem
2351 4365 2708 4433 aduersam
2744 4365 3038 4434 uiriliter

777 4474 1100 4542 dimicans
1133 4472 1418 4540 letaliter
1471 4470 1687 4538 extitit
1720 4468 2074 4551 sauciatus,
2109 4468 2176 4533 in
2209 4476 2905 4556 recompensacionem
2938 4482 3040 4542 tot

778 4591 845 4650 et
875 4588 1203 4650 tantorum
1243 4579 1666 4647 seruiciorum
1717 4590 1975 4645 suorum
2025 4575 2381 4659 aliqualem
2413 4581 2751 4666 copiosam
2783 4593 3040 4654 terram

776 4690 1020 4759 Kerew
1055 4690 1253 4759 castri
1284 4687 1493 4756 nostri
1545 4687 1628 4756 de
1682 4686 1938 4771 Zonuk,
1974 4684 2129 4752 cun'r
2159 4687 2457 4758 omnibus
2508 4691 2918 4763 vtilitatibus
2974 4703 3041 4764 et
