3416 5313
1849 407 1977 478 174

1837 1038 1978 1104 114.

788 1242 849 1306 A
881 1241 1075 1305 budai
1105 1236 1415 1325 kdptalan
1436 1236 1976 1324 bizonysciqlevele,
2011 1237 2173 1324 koqy
2195 1234 2553 1321 Mechfrech
2585 1196 2778 1301 budai
2795 1236 3035 1320 polydr

795 1351 1028 1437 ujmali
1073 1348 1323 1434 sz6lej5t
1353 1347 1710 1413 Ldszlo'nak
1730 1397 1748 1431 ‚
1808 1345 2095 1412 Tivadar
2143 1348 2325 1433 9ῃὸνί
2365 1345 2614 1433 pusp'o'k
2662 1344 3035 1412 testv6r61aek

1675 1455 1909 1523 eladta.
1950 1455 2146 1522 1297.

1606 1654 1666 1721 A
1880 1655 1933 1716 B
2149 1652 2217 1719 C.

1007 1817 1383 1905 Capitulum
1416 1814 1741 1884 Budensis
1773 1814 2067 1882 Ecclesie
2101 1815 2404 1884 omnibus
2431 1812 2674 1881 Christi
2704 1811 3033 1901 fidelibus,

789 1929 1024 2015 quibus
1058 1932 1401 2013 presentes
1433 1923 1900 2011 ostendentur,
1953 1924 2234 1993 salutem
2267 1923 2335 1989 in
2369 1923 2651 1991 Domino
2689 1925 3032 2009 sempiter-

789 2057 962 2107 nam.
1013 2036 1477 2103 Vniuersorum
1528 2031 1771 2099 noticie
1803 2037 1939 2098 tam
1973 2031 2388 2116 presencium
2440 2049 2638 2115 quam
2673 2031 3034 2098 futurorum

789 2145 1021 2212 harum
1089 2140 1550 2211 insinuacione
1616 2141 1984 2208 litterarum
2032 2141 2330 2208 volumus
2399 2140 2546 2206 fieri
2594 2139 3032 2225 manifestum,

792 2254 963 2337 quod
995 2252 1365 2320 Mechfrech
1413 2248 1586 2318 filius
1618 2249 1998 2317 Mechfrech
2042 2250 2208 2317 ciuis
2242 2248 2326 2317 de
2376 2256 2592 2318 castro
2624 2249 2915 2317 Budensi
2949 2248 3037 2314 ad

791 2372 1081 2432 nostram
1111 2361 1550 2448 personaliter
1582 2357 1913 2429 accedens
1945 2360 2375 2446 presenciam,
2423 2359 2897 2428 dimidietatem
2930 2377 3037 2426 cu-

791 2471 1053 2539 iusdam
1083 2470 1296 2553 vinee,
1333 2489 1458 2553 que
1492 2468 1825 2553 quondam
1858 2469 2131 2538 Comitis
2164 2471 2298 2537 Jak
2332 2468 2568 2551 fuerat,
2608 2475 2676 2537 in
2707 2469 3034 2537 territorio

794 2579 1030 2669 Vymal
1064 2580 1233 2647 inter
1282 2579 1517 2646 vineas
1549 2577 2022 2668 Bartholomey
2042 2632 2060 2667 ,
2088 2586 2152 2645 et
2183 2579 2460 2647 filiorum
2495 2579 2765 2647 Comitis
2798 2577 3036 2648 Chuda

797 2689 942 2773 site,
976 2709 1017 2753 a
1050 2695 1237 2773 parte
1268 2687 1692 2754 meridionali
1726 2688 2112 2755 existentem
2135 2740 2154 2774 ‚
2205 2708 2401 2771 quam
2449 2687 2637 2754 titulo
2671 2689 3034 2772 empcionis

792 2797 920 2867 sibi
968 2798 1174 2865 fuisse
1227 2797 1597 2865 deuolutam
1621 2846 1638 2880 ‚
1693 2805 1760 2861 et
1810 2796 2085 2865 alteram
2138 2797 2616 2865 dimidietatem
2664 2795 2961 2864 eiusdem
2994 2817 3037 2888 a

787 2911 979 2995 parte
1012 2904 1533 2993 septemtrionali
1567 2903 1961 2974 existentem
2002 2909 2431 2993 Kreusunger
2472 2906 2630 2975 ciuis
2679 2906 2763 2972 de
2799 2907 3035 2975 eodem

789 3022 1005 3084 castro
1038 3016 1326 3082 Budensi
1361 3035 1511 3082 esse
1543 3017 1915 3101 asserebat,
1950 3036 2094 3083 eum
2127 3016 2426 3085 omnibus
2459 3017 2857 3084 vtilitatibus
2892 3016 3029 3082 suis

787 3125 871 3191 de
901 3124 1242 3193 voluntate
1276 3132 1340 3189 et
1375 3142 1697 3191 consensu
1733 3124 1891 3193 dicti
1925 3122 2388 3211 Kreusunger‚
2432 3126 2601 3193 sieut
2637 3124 2842 3209 dixit,
2878 3143 3025 3191 con-

786 3232 1008 3301 fessus
1042 3237 1142 3300 est
1172 3232 1556 3300 vendidisse
1577 3281 1593 3315 ‚
1614 3233 1975 3300 tradidisse
2008 3243 2074 3302 et
2110 3235 2493 3316 assignasse
2526 3233 2763 3301 Comiti
2796 3232 3029 3299 Ladiz*

786 3344 896 3412 lao
946 3340 1076 3409 filio
1129 3340 1397 3407 Comitis
1449 3341 1796 3427 Nycolay‚
1850 3341 2039 3408 fratri
2088 3340 2488 3409 venerabilis
2542 3342 2752 3426 patris
2787 3339 3034 3409 domini

787 3448 1120 3519 Theodori
1154 3448 1477 3535 Episcopi
1506 3449 1878 3517 Jaurieusis
1897 3500 1913 3533 ‚
1969 3457 2033 3517 et
2065 3452 2369 3537 Nycolao
2402 3450 2537 3516 filio
2570 3450 2869 3538 Nycolay
2901 3449 3031 3516 fra-

787 3561 903 3628 tris
937 3560 1229 3626 eiusdem
1263 3557 1513 3624 domini
1544 3557 1901 3643 Episcopi,
1955 3578 2072 3641 pro
2121 3559 2354 3643 quibus
2391 3559 2675 3644 Vgrinus
2728 3558 3032 3627 officialis

790 3670 946 3737 dicti
998 3667 1238 3735 domini
1273 3669 1589 3753 Episcopi
1622 3666 1892 3749 aderat,
1945 3688 2063 3751 pro
2120 3668 2348 3734 decem
2404 3666 2640 3737 marcis
2696 3668 2889 3754 plene
2936 3689 3028 3732 re-

790 3777 997 3863 ceptis
1033 3784 1102 3843 ut
1135 3777 1178 3843 d
1215 3813 1298 3822 --
1329 3810 1417 3824 —-
1452 3814 1534 3823 --
1565 3775 1944 3860 perenniter
1997 3784 2060 3842 et
2111 3775 2626 3842 irrcuocabiliter
2680 3776 3030 3858 possiden·

790 3888 976 3970 dam3
1043 3885 1401 3971 obligando
1453 3884 1917 3953 nichilominus
1971 3905 2046 3952 se
2108 3885 2280 3950 idem
2337 3884 2708 3952 Mechfrech
2762 3890 2829 3951 et
2878 3905 3031 3953 suos

788 3997 1111 4078 heredes,
1165 3996 1251 4062 ab
1286 3994 1586 4063 omnibus
1621 3995 1933 4062 Comitem
1973 3994 2355 4062 Ladizlaum
2395 4003 2457 4061 et
2488 4028 2577 4039 —
2609 4027 2696 4038 ·—-
2731 4034 2805 4042 --
2854 4030 2927 4038 —-
2968 4001 3035 4062 et

792 4106 966 4173 filios
998 4103 1273 4169 filiorum
1327 4123 1547 4171 eorum
1598 4103 1947 4170 occasione
2002 4103 2179 4169 dicte
2212 4099 2641 4169 dimidietatis
2674 4102 2866 4169 vinee
2900 4124 3029 4170 mo-

788 4217 1039 4283 lestare
1090 4211 1488 4297 nitentibus,
1544 4211 1901 4279 defendere
1954 4220 2019 4276 et
2049 4211 2352 4291 liberare¹
2383 4211 2521 4276 suis
2575 4211 2915 4279 laboribus
2968 4218 3032 4277 et

791 4323 1121 4410 expensis.
1171 4324 1244 4388 In
1282 4321 1467 4389 cuius
1499 4321 1593 4389 rei
1642 4320 2023 4387 memoriam
2071 4326 2593 4408 perpetuamque
2651 4320 3031 4388 firmitatem

793 4433 883 4503 ad
914 4428 1311 4497 instanciam
1349 4438 1414 4496 et
1447 4428 1836 4514 peticionem
1888 4428 2180 4495 eiusdem
2214 4427 2583 4496 Mechfrech
2638 4429 2877 4497 Comiti
2908 4429 3029 4495 La-

793 4542 1009 4610 dizlao
1043 4546 1109 4608 et
1135 4538 1434 4623 Nycolao
1466 4539 1848 4605 memoratis
1900 4544 2247 4624 presentes
2300 4538 2743 4606 concessimus
2777 4535 3031 4603 litteras

795 4647 1000 4735 sigilli
1033 4645 1237 4714 nostri
1268 4645 1620 4711 munimine
1659 4645 2024 4711 roboratas·
2073 4643 2314 4710 Datum
2346 4664 2462 4728 per
2495 4662 2727 4711 manus
2761 4642 3029 4711 discreti

793 4759 917 4828 viri
964 4755 1265 4843 magistri
1314 4754 1616 4824 Ladislai
1645 4754 1939 4821 Lectoris
1970 4753 2268 4822 Ecclesie
2302 4760 2522 4821 nostre
2553 4772 2726 4820 anno
2760 4753 3027 4820 Domini
