3416 5313
1884 390 1968 476 'is

796 596 1024 668 berent
1055 598 1370 671 seriatim.
1419 600 1610 682 Quod
1651 603 1919 689 quidem
1970 605 2343 695 Capitulum
2391 604 2649 674 demum
2697 605 2888 674 nobis
2942 621 3040 670 re-

801 711 1083 797 scripsit,
1116 709 1185 779 in
1216 712 1339 780 hec
1370 712 1576 780 uerba
1609 736 1624 776 ε

1019 821 1589 888 Excellentissimo
1639 821 1900 889 domino
1946 842 2063 889 suo
2114 821 2445 913 A(ndree)
2497 821 2627 891 Dei
2681 822 2909 910 gracia
2957 819 3042 888 Il-

795 927 984 994 lustri
1014 929 1176 1015 Regi
1213 929 1503 1012 Vngarie
1522 981 1541 1016 ‚
1576 929 1950 1017 Capitulum
1986 933 2287 1002 Ecclesie
2333 933 2527 998 Beati
2562 930 2908 998 Michaelis
2946 927 3028 994 de

797 1033 1029 1104 Castro
1062 1036 1307 1106 Ferreo
1338 1038 1838 1107 inclinacionem
1863 1046 1930 1106 et
1961 1042 2306 1110 oraciones
2328 1040 2395 1108 in
2417 1040 2697 1107 Domino
2721 1060 2864 1107 cum
2898 1058 3042 1124 per-

794 1151 988 1226 petue
1017 1144 1349 1215 fidelitatis
1382 1147 1714 1230 obsequio.
1749 1149 2032 1215 Litteras
2066 1156 2283 1218 uestre
2306 1146 2760 1236 Excellenc(ie
2792 1147 3042 1232 recepi-

796 1271 939 1320 mus
991 1252 1166 1340 cum)
1216 1254 1459 1323 honore
1507 1274 1633 1338 quo
1668 1256 1887 1324 decuit
1919 1266 2319 1344 reuerenter‚
2355 1258 2422 1325 in
2475 1258 2710 1342 quibus
2761 1255 3048 1321 uidimus

797 1362 1151 1442 contineri,
1204 1362 1378 1447 quod
1408 1383 1605 1429 unum
1642 1387 1724 1432 ex
1760 1366 1945 1434 nobis
1978 1388 2172 1454 super
2216 1369 2455 1434 faeiem
2489 1375 2666 1435 terre
2719 1362 3045 1435 Gothardi

796 1470 939 1536 Rufi
972 1471 1144 1538 Geru
1173 1479 1426 1552 uocate,
1460 1474 2070 1558 transmitteremus,
2108 1477 2293 1543 cuius
2349 1457 2724 1544 testimonio
2758 1470 3056 1539 Domini-

797 1597 911 1646 cus
941 1577 1108 1648 filius
1139 1581 1376 1665 Eguke
1406 1582 1599 1648 homo
1653 1588 1891 1663 uester,
1946 1584 2322 1652 conuocatis
2365 1583 2814 1651 conmetaneis
2854 1587 2922 1646 et
2954 1578 3049 1644 ui-

794 1687 960 1752 cinis
978 1739 997 1774 ‚
1051 1686 1493 1756 reambularet
1526 1689 1747 1773 ipsam
1779 1698 2018 1757 terram
2042 1739 2061 1773 ,
2115 1698 2183 1758 et
2224 1697 2542 1759 statueret
2593 1688 2936 1758 Herbordo
2989 1692 3057 1755 et

790 1796 1098 1865 fratribus
1119 1799 1281 1882 suis,
1303 1799 1359 1864 si
1389 1817 1519 1863 non
1539 1798 1727 1865 fieret
1750 1800 2240 1881 contradictum,
2277 1799 2799 1868 contradictores
2823 1804 3048 1864 autem

795 1902 883 1973 ad
911 1914 1203 1974 nostram
1227 1907 1636 1991 presenciam
1657 1906 2034 1992 euocando;
2072 1909 2267 1975 sciret
2306 1916 2370 1976 et
2390 1907 2562 1974 idem
2583 1906 2776 1974 homo
2809 1913 3054 1987 uester,

797 2021 1008 2080 utrum
1059 2015 1205 2100 ipse
1238 2013 1611 2082 Gothardus
1664 2015 1807 2082 sine
1861 2015 2107 2083 herede
2149 2014 2513 2084 decesserit
2544 2034 2668 2082 nec
2699 2035 2824 2101 ne,
2877 2011 3058 2100 quod

795 2128 1015 2191 uestre
1045 2123 1381 2191 Maiestati
1411 2122 1946 2192 rescriberemus.
1982 2124 2238 2192 Vestris
2266 2125 2471 2211 igitur
2502 2125 2835 2213 perceptis
2865 2145 3053 2192 man-

799 2232 976 2299 datis
1007 2252 1127 2301 nos
1160 2232 1227 2297 in
1259 2230 1554 2299 omnibus
1588 2230 1860 2298 obedire
1882 2232 2239 2317 cupientes,
2275 2241 2345 2299 ut
2376 2241 2693 2319 tenemur,
2729 2252 2932 2298 vnum
2966 2249 3054 2295 ex

797 2342 990 2410 nobis
1021 2340 1500 2407 transmisimus
1533 2338 1620 2406 ad
1651 2342 1957 2424 premissi
2005 2343 2261 2429 negocii
2294 2342 2535 2411 seriem
2569 2339 3055 2425 exequendam,

798 2449 911 2535 qui
940 2447 1200 2518 demum
1232 2448 1321 2515 ad
1350 2468 1471 2517 nos
1503 2448 1766 2515 rediens
1815 2448 2167 2535 diligenter
2197 2469 2315 2535 per
2347 2469 2470 2516 nos
2501 2451 2853 2533 requisitus
2884 2445 3057 2522 reci,-

799 2557 1004 2643 tauit‚
1059 2556 1236 2641 quod
1285 2554 1459 2623 idem
1499 2555 1883 2623 Dominicus
1936 2557 2129 2625 homo
2182 2566 2404 2624 uester
2437 2556 2818 2626 conuocatis
2854 2552 3057 2639 co(n-

802 2662 1149 2751 meta)neis
1168 2674 1235 2733 et
1265 2666 1496 2733 vicinis
1516 2663 1731 2731 eidem
1754 2665 2220 2751 adiacentibus,
2248 2664 2561 2733 videlicet
2583 2665 2846 2735 Comite
2875 2665 3052 2729 Mar-

802 2773 928 2840 kus
957 2772 1092 2839 filio
1113 2771 1442 2857 Farcasij,
1476 2791 1555 2837 ac
1574 2774 1839 2856 populis
1872 2773 1954 2839 de
1986 2771 2147 2839 villa
2179 2772 2433 2858 Hudaz,
2466 2792 2588 2839 nec
2625 2792 2751 2838 non
2785 2771 3058 2837 homine

799 2881 1099 2967 magistri
1131 2882 1451 2950 Johannis
1483 2882 1898 2966 presentibus
1951 2882 2383 2949 reambulauit
2432 2883 2872 2967 prescriptam
2926 2885 3060 2946 ter-

807 3010 946 3058 ram
980 2989 1302 3056 Gothardi
1343 2990 1488 3056 Rufi
1518 2991 1693 3058 Geru
1726 2997 2050 3068 uocatam,
2085 2990 2194 3073 qui
2228 2991 2367 3056 sine
2398 2989 2642 3057 herede
2673 2987 2970 3057 decessit
2992 2995 3062 3054 et

801 3099 1035 3168 statuit
1061 3098 1305 3167 eisdem
1336 3099 1674 3167 Herbordo
1711 3108 1774 3167 et
1810 3098 2117 3166 fratribus
2150 3100 2284 3163 suis
2325 3098 2445 3164 sub
2477 3098 2818 3164 ueteribus
2852 3095 3056 3163 metis

799 3217 865 3275 et
898 3209 1199 3290 antiquis,
1236 3207 1717 3275 contradictore
1738 3211 1991 3275 nemine
2014 3208 2354 3273 existente.
2411 3209 2656 3273 Datum
2690 3206 2756 3270 in
2792 3210 3055 3272 octauis

802 3316 990 3384 Beati
1021 3318 1064 3384 J
1069 3316 1345 3383 ohannis
1377 3316 1702 3400 Baptiste.

1027 3425 1167 3490 Nos
1200 3424 1443 3509 itaque,
1479 3424 1588 3508 qui
1623 3444 1704 3489 ex
1738 3423 1936 3508 officij
1983 3424 2191 3488 nostri
2225 3423 2447 3490 debito
2487 3423 2708 3490 metiri
2728 3423 3055 3490 debemus

801 3535 1035 3602 merita
1066 3531 1487 3616 singulorum,
1523 3537 1588 3595 et
1618 3530 1966 3614 unicuique
1998 3532 2179 3596 iuxta
2220 3532 2626 3615 exigenciam
2659 3530 3052 3597 meritorum

800 3641 1198 3729 respondere
1219 3689 1235 3721 ‚
1291 3636 1784 3704 considerantes
1838 3638 2189 3705 fidelitates
2228 3645 2293 3704 et
2327 3640 2661 3705 meritoria
2715 3638 3054 3722 obsequia

696 3772 700 3776 ·
799 3751 1124 3822 Herbordi
1157 3756 1222 3815 et
1254 3749 1522 3815 fratrum
1559 3767 1816 3814 suorum
1840 3747 2311 3831 predictorum,
2345 3767 2470 3830 que
2502 3749 2567 3814 in
2593 3749 2879 3817 diuersis
2915 3769 3054 3814 ser·

789 3860 1116 3927 'uiciorum
1150 3860 1496 3941 generibus
1519 3909 1538 3943 ,
1591 3865 1656 3924 et
1687 3858 2067 3943 specialiter
2099 3860 2162 3924 in
2198 3857 2495 3927 conflictu
2545 3867 2773 3925 nostro
2806 3867 3051 3924 eontra

799 3968 1140 4035 Albertum
1175 3966 1423 4031 Ducem
1458 3967 1741 4045 Austrie,
1777 3966 1984 4047 Regni
2036 3967 2241 4031 nostri
2281 3962 2494 4053 (tunc)
2531 3967 2886 4051 capitalem
2924 3969 3050 4032 ini-

800 4077 1055 4156 micum,
1092 4077 1337 4157 habim,
1368 4076 1477 4139 ubi
1510 4073 1705 4159 ijdem
1741 4073 2111 4138 Herbordus
2147 4082 2211 4137 et
2241 4075 2579 4140 Johannes
2602 4076 2668 4138 in
2704 4096 3055 4160 expugna-

802 4189 986 4254 eione
1021 4185 1236 4254 castri
1267 4185 1436 4250 Boro
1489 4184 1724 4265 uocati,
1758 4182 1983 4248 letalia
2014 4183 2286 4248 uulnera
2319 4185 2386 4246 in
2420 4183 2559 4248 suis
2585 4185 2902 4251 membris
2940 4206 3050 4251 su-

799 4298 1154 4377 stulerunt,
1189 4298 1383 4374 prout
1411 4310 1528 4375 per
1561 4289 1957 4356 relacionem
1992 4292 2316 4355 Baronum
2360 4298 2722 4357 nostrorum
2755 4291 3053 4360 fideliter

800 4404 962 4470 inibi
995 4402 1421 4468 existencium
1482 4398 1959 4476 intelleximus,
1989 4397 2273 4464 fideliter
2324 4401 2797 4487 exhibuerunt,
2852 4406 2921 4469 in
2955 4424 3056 4470 re-

800 4512 1405 4599 compensacionem
1461 4529 1681 4575 eorum
1717 4508 1999 4575 fidelium
2033 4510 2445 4594 meritorum,
2497 4531 2900 4595 quamquam
2936 4533 3056 4598 po-

805 4629 982 4694 ciora
1013 4634 1078 4692 et
1108 4624 1428 4709 ampliora
1473 4628 1918 4704 mererentur,
1954 4620 2160 4705 ipsam
2198 4629 2438 4688 terram
2491 4624 2668 4689 Geru
2703 4632 3052 4711 uocatam,

806 4756 952 4803 cum
986 4735 1284 4801 omnibus
1318 4729 1706 4800 utilitatibus
1748 4735 1812 4795 et
1844 4728 2269 4817 pertinencijs
2301 4733 2437 4801 suis
2469 4732 2817 4816 Vniuersis,
2857 4733 3052 4800 dedi-
