3416 5313
1298 390 1532 491 —-159

338 589 836 677 Archiepiscopi
871 592 938 657 in
986 590 1193 658 nostri
1226 594 1574 678 presencia
1624 610 2012 681 comparens
2059 592 2144 659 ab
2196 589 2430 658 eodem
2462 589 2580 657 Mi-

344 696 574 765 chaele
605 698 674 763 in
703 697 970 782 plenum
1002 717 1078 767 se
1108 701 1440 785 recepisse
1473 708 1575 769 est
1606 700 1965 770 confessus.
2015 699 2340 765 Dixerunt
2372 696 2580 765 eciam

346 807 654 890 Thomas,
687 808 1006 875 Martinus
1040 802 1163 893 (et)
1195 807 1238 875 J
1244 807 1537 878 ohannes
1567 808 1885 899 predicti,
1920 808 2092 892 quod
2123 806 2407 873 Michael
2437 826 2582 894 pre·-

346 916 564 984 dictus
597 917 919 1002 prefatam
950 924 1190 986 terram
1223 920 1399 1006 Anja
1431 925 1739 988 vocatam
1773 937 1917 987 cum
1956 916 2257 986 omnibus
2288 916 2581 986 vtilitati·

344 1026 469 1094 bus
519 1026 655 1094 suis
707 1032 772 1094 et
818 1027 1245 1116 pertinenoijs
1297 1029 1645 1113 possidere
1698 1028 1942 1099 debeat
1979 1026 2118 1094 iure
2165 1034 2480 1115 perpetuo
2513 1026 2582 1093 in

343 1134 517 1205 filios
550 1134 842 1213 filiorum,
877 1136 1251 1221 obligantes
1286 1137 1497 1206 eciam
1548 1158 1624 1208 se
1655 1138 1951 1206 Thomas
1973 1185 1992 1221 ,
2023 1134 2342 1202 Martinus
2378 1140 2444 1200 et
2473 1134 2582 1203 Jo-

337 1243 593 1311 hannes
625 1243 926 1332 predicti,
961 1245 1132 1327 quod
1163 1246 1536 1331 quicunque
1570 1265 1885 1334 processu
1919 1252 2286 1330 temporum
2320 1242 2583 1313 racione

343 1357 521 1420 terre
553 1359 895 1438 prenotate
929 1355 1205 1421 eundem
1258 1355 1644 1424 Michaelem
1677 1355 1993 1441 impetere
2044 1351 2320 1421 forsitan
2353 1360 2584 1421 attem-

340 1467 580 1549 ptaret,
604 1460 777 1527 idem
798 1461 1114 1549 Thomas,
1137 1464 1457 1532 Martinus
1486 1471 1551 1532 et
1568 1466 1611 1533 J
1615 1465 1912 1532 ohannes
1946 1466 2341 1534 tenebuntur
2371 1462 2583 1547 ipsum

336 1569 730 1637 Michaelem
765 1569 1077 1655 expedire
1112 1573 1397 1657 proprijs
1432 1572 1769 1641 laboribus
1797 1577 1863 1640 et
1896 1572 2217 1657 expensis.
2256 1570 2437 1639 Situs
2472 1590 2583 1638 au-

331 1685 469 1745 tem
501 1686 673 1747 terre
704 1678 858 1746 talis
894 1685 1035 1764 est,
1088 1678 1263 1762 quod
1292 1682 1378 1748 ab
1413 1680 1751 1750 occidente
1782 1680 2126 1752 vicinatur
2158 1698 2327 1764 aque
2363 1678 2584 1745 Dudu-

335 1808 551 1874 wage,
574 1788 686 1854 vbi
706 1795 806 1855 est
827 1787 1138 1875 capitalis
1162 1789 1382 1857 metha
1404 1813 1420 1875 ;
1461 1797 1526 1858 et
1547 1790 1700 1857 inde
1722 1790 1909 1858 vadit
1930 1807 2163 1858 uersus
2186 1788 2581 1874 aquilonem,

332 1897 429 1963 ibi
462 1894 785 1963 vicinatur
816 1901 987 1963 terre
1021 1899 1462 1965 castrencium
1491 1896 1711 1986 (igy);
1749 1905 1813 1964 et
1846 1896 2001 1963 inde
2030 1895 2438 1987 postmodum
2476 1914 2584 1962 va·

339 2005 440 2070 dit
473 2024 702 2071 uersus
738 2003 1093 2092 orientem,
1147 2013 1214 2074 et
1244 2007 1341 2074 ibi
1371 2006 1699 2075 vicinatur
1740 2014 1913 2075 terre
1969 2026 2290 2093 aucupum
2343 2002 2586 2071 domini

334 2113 582 2199 Regis,
636 2114 729 2179 ibi
780 2114 993 2181 eciam
1025 2120 1131 2183 est
1160 2116 1472 2201 capitalis
1528 2114 1786 2202 metha;
1821 2124 1887 2183 et
1916 2114 2073 2182 inde
2122 2112 2462 2184 descendit
2495 2111 2587 2180 ad

334 2229 582 2289 terram
613 2221 847 2290 Jacobi
878 2220 997 2308 filij
1033 2226 1409 2293 Salamonis
1430 2274 1449 2309 ,
1502 2232 1568 2290 et
1599 2224 1691 2290 ibi
1728 2232 1831 2294 est
1881 2225 2193 2309 capitalis
2224 2224 2483 2309 metha;
2521 2226 2585 2288 et

331 2330 496 2398 inde
529 2330 713 2399 vadit
743 2351 971 2399 versus
1026 2335 1522 2405 meridionalem
1543 2387 1563 2422 ,
1618 2339 1681 2401 et
1714 2333 1809 2401 ibi
1841 2333 2168 2404 vicinatur
2220 2340 2394 2400 terre
2424 2333 2585 2398 Rus-

331 2446 488 2526 soyt
518 2444 794 2525 vocate;
846 2447 911 2506 et
944 2440 1099 2509 inde
1147 2443 1319 2511 redit
1352 2461 1579 2511 versus
1636 2460 1876 2526 aquam
1925 2441 2348 2528 Duduwage,
2400 2447 2466 2508 et
2493 2439 2587 2507 ibi

334 2546 747 2614 terminatur.
780 2550 857 2615 In
891 2549 1074 2618 cuius
1108 2552 1205 2619 rei
1226 2550 1600 2619 memoriam
1632 2558 1980 2636 presentes
2001 2551 2297 2618 dedimus
2326 2549 2584 2617 litteras

334 2656 544 2745 sigilli
564 2659 769 2725 nostri
790 2661 1143 2729 munimine
1163 2663 1527 2729 roboratas.
1549 2664 1736 2731 Anno
1751 2661 2015 2729 Domini
2033 2658 2278 2730 M⁰Oc⁰
2296 2678 2605 2746 nonager

337 2768 507 2836 Simo
529 2774 739 2833 sexto.
759 2769 1200 2835 Datum—-—
1224 2767 1415 2859 (igy).
1438 2785 1648 2858 (Talan
1671 2805 1708 2843 a
1732 2794 1915 2860 napot
1935 2788 2146 2843 akarta
2166 2803 2232 2840 ez
2261 2786 2452 2841 utolso
2480 2787 2581 2841 szo

335 2873 476 2930 utan
503 2874 617 2928 oda
641 2872 787 2946 irni3
828 2880 970 2931 mert
994 2877 1291 2934 kiilonben
1317 2877 1452 2951 igen
1479 2878 1855 2936 szokatlanril
1884 2880 2058 2936 volna
2081 2875 2402 2947 befejezve.
2449 2853 2583 2929 Am·

335 2963 444 3021 bar
472 2971 567 3020 ezt
591 2963 809 3023 felteve
834 2968 883 3022 is
905 3008 920 3034 ,
960 2967 1176 3037 mindig
1200 2967 1425 3023 feltiino'
1452 2969 1651 3022 marad
1690 2986 1722 3023 e
1749 2966 2040 3038 zaradekr,
2078 2963 2295 3021 miutan
2335 2982 2370 3020 a
2397 2967 2584 3018 Datum

337 3058 483 3125 szOt,
511 3055 655 3110 mint
678 3056 861 3115 tudva
889 3074 1019 3129 van,
1048 3076 1117 3113 az
1144 3055 1378 3116 evezam
1407 3058 1688 3113 rendesen
1717 3075 1848 3132 meg
1874 3076 2005 3114 nem
2031 3053 2359 3126 elsszhette.)

342 3257 593 3327 (Vastag
618 3254 869 3325 hartyan
895 3251 1019 3313 irva
1058 3254 1441 3327 ibolyaszinii,
1483 3255 1656 3328 sarga
1682 3253 1745 3313 es
1774 3254 1889 3311 kek
1928 3256 2187 3329 selymen
2225 3259 2372 3332 fiigg
2397 3276 2431 3313 a
2455 3256 2587 3331 meg

342 3347 418 3420 ep
445 3346 663 3420 pecset.
702 3344 1277 3417 Pozsonykaptalani
1314 3343 1590 3419 orszagos
1616 3344 1882 3403 leveltar.
1924 3345 2119 3419 Capsa
2144 3348 2298 3405 XIV.
2341 3347 2506 3406 Fasc.
2537 3351 2585 3404 1.

1243 3436 1376 3496 Nro.
1401 3440 1452 3495 5.
1478 3437 1713 3512 Knauz.)
