3416 5313
1834 397 1918 462 28

1834 1090 1937 1157 18.

770 1306 849 1369 ΙΙ
850 1307 898 1370 I.
949 1306 1164 1370 Endre
1195 1306 1408 1392 kira'ly
1459 1307 1806 1392 nreyer6siti
1839 1308 1929 1370 II.
1965 1269 2301 1369 Endre'nek
2341 1304 2613 1368 1226-Ῐοὶ
2643 1304 3005 1390 okmcinydt,

917 1412 1200 1500 melylyel
1236 1415 1294 1478 T
1288 1414 1469 1478 ivald
1497 1417 1656 1480 nevil
1684 1416 1840 1478 vite'z
1856 1416 2020 1500 jelcs
2051 1416 2219 1478 tette't
2234 1415 2637 1505 jutalmazta.
2673 1415 2866 1476 1291.
3061 1418 3067 1424 '
3113 1408 3122 1413 ⁴

975 1645 1279 1713 Andreas
1313 1642 1435 1710 Dei
1469 1645 1694 1727 gracia
1720 1645 2022 1731 Vngarie,
2056 1644 2421 1730 Dalmacie,
2458 1644 2754 1726 Oroacie,
2778 1647 2998 1728 Ramc,

765 1755 1010 1837 Seruie‚
1039 1755 1339 1834 Gallicie,
1365 1755 1768 1838 Lodomcrie,
1794 1757 2127 1850 Com-anie,
2150 1756 2606 1841 Bwlgarieque
2627 1753 2770 1820 Rex
2802 1756 3000 1820 omni-

767 1865 888 1931 bus
927 1861 1166 1930 Christi
1206 1861 1504 1929 fidelibus
1534 1870 1903 1948 presentem
1953 1866 2261 1948 paginam
2298 1862 2691 1949 inspecturis
2725 1864 2999 1928 salutem
3107 1876 3111 1879 ⁴

763 1974 828 2037 in
863 1971 1098 2038 salutis
1154 1971 1482 2054 largitore.
1520 1971 1625 2037 Ad
1657 1973 2103 2038 vniuersorum
2157 1979 2284 2037 tam
2341 1971 2751 2057 presencium
2807 1991 2999 2053 quam
3099 1974 3100 1977 ’

765 2081 1117 2149 futurorum
1149 2079 1464 2147 noticiam
1498 2079 1726 2145 harum
1760 2080 1930 2146 serie
1962 2081 2258 2146 volumus
2291 2081 2654 2166 peruenire,
2685 2077 2861 2163 quod
2892 2079 3000 2143 Ni-

765 2190 989 2256 colans
1022 2195 1088 2255 et
1124 2188 1458 2256 Johannes
1493 2188 1611 2254 filii
1643 2189 1921 2256 alterius
1962 2189 2226 2256 Nicolai
2262 2188 2416 2254 olim
2448 2190 2706 2272 Barna,
2746 2186 3001 2253 nobiles

765 2297 846 2389 de
881 2297 1208 2364 Comitatu
1242 2296 1662 2364 Gumnriensi
1694 2299 1782 2365 ad
1813 2303 2102 2365 nostram
2148 2296 2540 2374 accedentes
2590 2297 3000 2382 presenciam

774 2405 1206 2472 exhibuerunt
1255 2406 1447 2473 nobis
1481 2404 1935 2492 priuilegiales
1975 2406 2229 2473 litteras
2262 2405 2505 2470 domini
2545 2404 2697 2471 olim
2747 2404 3002 2470 Andrec

767 2514 966 2597 Regis
1018 2515 1127 2580 aui
1161 2515 1367 2580 nostri
1418 2513 1789 2581 charissimi
1838 2533 2033 2600 super
2073 2514 2437 2581 collacione
2473 2519 2645 2580 terre
2696 2513 3005 2600 Ezyrend

769 2622 926 2689 olim
947 2623 1350 2690 antecessori
1384 2641 1600 2691 eorum
1632 2622 2004 2709 Thywaldo
2028 2643 2202 2691 anno
2222 2623 2323 2688 Μο
2343 2622 2786 2691 ducentesimo
2808 2641 3005 2707 supra

769 2732 1151 2816 vigesimum
1207 2738 1396 2799 sexto
1431 2734 1789 2816 confectas,
1822 2738 2128 2819 petentes
2178 2754 2219 2798 a
2249 2733 2443 2798 nobis
2480 2752 2624 2799 cum
2657 2731 3002 2811 instancia,

769 2850 838 2907 vt
870 2840 1051 2926 ipsas
1085 2841 1536 2925 priuilegiales
1570 2841 1823 2907 litteras
1875 2849 2056 2907 ratas
2110 2842 2355 2907 habere
2389 2847 2455 2907 et
2489 2849 2712 2907 nostro
2749 2858 3003 2924 quoque

770 2948 1114 3034 priuilegio
1147 2948 1228 3014 de
1261 2950 1678 3033 benignitate
1699 2951 1911 3036 Regia
1941 2949 2356 3033 dignaremur
2377 2948 2777 3016 confirmare.
2805 2949 3003 3019 Cuius

771 3058 1032 3139 quidem
1067 3058 1396 3143 priuilegii
1434 3065 1621 3126 tenor
1654 3059 1811 3125 talis
1846 3068 1946 3125 est
1980 3082 1997 3123 ε

984 3183 1283 3250 Andreas
1314 3187 1441 3254 Dei
1486 3185 1714 3272 gracia
1764 3185 1979 3272 Hung.
2019 3190 2141 3255 stb.
2175 3189 2317 3253 Rex
2350 3186 2477 3253 sth.
2533 3191 2897 3263 (kovetkezik
2928 3194 3000 3246 11.

724 3301 726 3303 ’
769 3299 958 3353 Endre
990 3298 1172 3371 kiraly
1216 3302 1471 3356 1226-ki
1519 3300 1835 3371 okmanya„
1870 3301 2079 3372 melyet
2110 3299 2577 3371 Okmanytarunk
2610 3298 2653 3351 I.
2702 3298 3003 3353 koteteben

775 3406 918 3461 217.
953 3406 1036 3460 sk.
1071 3406 1129 3461 ll.
1164 3406 1517 3479 kozssltiink.)

985 3524 1121 3594 Nos
1152 3530 1373 3611 itaque
1406 3528 1901 3595 considerantes
1941 3528 2297 3595 fidelitates
2332 3534 2401 3593 et
2433 3527 2714 3596 seruicia
2745 3544 3003 3612 preser-

718 3643 724 3650 '
773 3633 885 3700 tim
922 3634 1082 3700 dicti
1112 3636 1372 3704 Nicolai
1403 3636 1742 3703 vduornici
1781 3638 1988 3703 nostri
2021 3637 2183 3704 dieti
2215 3640 2458 3719 Barna,
2494 3655 2573 3701 ac
2605 3633 2830 3700 fratris
2867 3633 3003 3699 eius

772 3742 1118 3826 Johannis,
1155 3764 1281 3827 que
1314 3744 1378 3810 in
1414 3743 1944 3829 expedicionibus
1979 3744 2257 3811 diuersis
2290 3744 2502 3829 Regni
2536 3743 2744 3809 nostri
2778 3740 2999 3807 lauda·

774 3850 995 3917 biliter
1025 3850 1432 3936 impederunt
1451 3907 1469 3940 ‚
1524 3858 1589 3918 et
1642 3859 1833 3939 prout
1883 3854 2071 3922 uobis
2104 3852 2378 3920 relatum
2414 3859 2530 3935 est,
2566 3850 2630 3915 in
2667 3857 2999 3937 posterum

774 3978 1028 4041 quoque
1058 3960 1437 4046 impendere
1468 3962 1974 4046 appromittunt3
2024 3962 2568 4042 attendentesque
2614 3959 2795 4042 ipsas
2829 3959 3004 4027 litte-

779 4086 888 4134 ras
920 4067 1374 4152 priuilegiales
1408 4069 1652 4135 domini
1675 4071 1871 4153 Regis
1904 4069 2165 4135 Andree
2187 4090 2317 4137 non
2351 4070 2653 4149 abrasaS‚
2688 4088 2819 4133 non
2854 4087 3003 4133 ean-

776 4177 1075 4257 cellatas,
1110 4178 1325 4243 necin
1360 4177 1583 4260 aliqua
1637 4178 1740 4244 sui
1771 4185 1960 4265 parte
1994 4177 2293 4262 viciataS‚
2343 4184 2631 4242 tenorem
2666 4195 2891 4240 earum
2924 4176 3004 4241 de

780 4286 979 4353 verbo
1021 4279 1104 4351 ad
1157 4286 1428 4353 verbum
1474 4289 1887 4374 presentibus
1939 4288 2252 4354 insertum
2305 4292 2514 4352 ratum
2570 4285 2888 4351 habentes
2941 4291 3005 4349 et

778 4404 1121 4481 acceptum
1159 4399 1549 4465 auctoritate
1598 4398 2000 4485 presencium
2052 4397 2549 4478 confirmamus,
2604 4393 2883 4477 duplicis
2918 4396 3002 4458 si-

777 4504 923 4586 gilli
955 4503 1161 4569 nostri
1194 4506 1539 4571 munimine
1591 4504 1980 4571 roborando.
2030 4501 2271 4568 Datum
2322 4522 2438 4587 per
2472 4520 2697 4565 manus
2732 4499 2998 4565 disereti

778 4613 902 4682 viri
932 4611 1230 4696 magistri
1261 4612 1589 4681 Theodori
1640 4613 1944 4679 Albensis
1982 4611 2280 4677 Ecclesie
2315 4608 2635 4694 Prepositi
2688 4606 2846 4671 aule
2890 4627 2999 4672 no-

778 4725 908 4792 stre
957 4717 1564 4807 viee-Cancellarii,
1621 4719 1852 4787 dilecti
1885 4725 1950 4786 et
1981 4717 2193 4784 fidelis
2241 4717 2458 4796 nostri,
2514 4734 2684 4786 anno
2736 4714 3001 4786 Domini
