3416 5313
1778 388 1899 455 182

1757 1015 1897 1081 121.

703 1216 1119 1282 Emlc'kczteto'
1149 1216 1314 1280 biro'i
1346 1213 1498 1277 chc'l
1517 1268 1535 1299 ‚
1586 1213 1860 1299 melybcn
1912 1238 1951 1276 a
1970 1215 2473 1298 pet-lekedr'ilcnck
2523 1214 2859 1277 okleveleik
2892 1217 2954 1278 εἶς

700 1323 1104 1409 irdmd‘nyaik
1166 1322 1633 1386 bemutatciscira
1697 1322 1998 1385 hardi-id&
2057 1323 2440 1388 rendeltetik.
2492 1325 2688 1387 1297.
2743 1323 2948 1386 kb'rz'll.

918 1522 1173 1591 Damus
1223 1541 1340 1606 pro
1391 1519 1745 1604 memoria,
1797 1523 1974 1605 quod
2025 1524 2093 1588 in
2149 1524 2404 1590 octauis
2456 1520 2949 1589 Purificacionis

703 1634 909 1700 Beate
939 1631 1229 1715 Virginis
1251 1629 1603 1698 Zobizlaus
1636 1628 1809 1698 filius
1833 1632 2103 1700 Comitis
2136 1632 2510 1719 Bogomerij
2543 1651 2697 1716 pars
2739 1636 2948 1707 actor,

703 1763 822 1829 pro
874 1760 1002 1824 quo
1070 1740 1388 1824 magister
1440 1739 1941 1807 Bartholomeus
2019 1743 2251 1808 Lector
2303 1739 2600 1807 Ecclesie
2644 1739 2952 1825 Nytrien-

705 1851 819 1935 sis,
852 1855 919 1918 et
941 1849 1231 1918 Jacobus
1254 1848 1424 1915 filius
1449 1847 1701 1935 Chyma
1727 1851 2003 1934 jobagio
2036 1852 2250 1919 Casti-i
2283 1849 2655 1934 Nytriensis
2676 1866 2821 1914 cum
2852 1846 2955 1910 lit-

703 1958 864 2025 teris
899 1956 1186 2043 Capituli
1219 1958 1347 2024 loci
1382 1956 1674 2023 eiusdem
1695 1967 2198 2044 comparuerunt
2233 1957 2741 2040 continentibus,
2777 1956 2955 2038 quod

706 2065 880 2132 idem
925 2067 1294 2155 Zobyzlaus
1351 2066 1768 2149 queseionem
1821 2086 1937 2135 seu
1968 2069 2303 2134 accionem
2351 2087 2534 2133 suam
2586 2067 2838 2133 eisdem
2889 2067 2955 2130 in

703 2174 831 2244 hoc
861 2176 1040 2243 facto
1063 2176 1457 2243 commiserit
1499 2176 1971 2261 exequendam,
1994 2183 2207 2243 ratum
2229 2183 2295 2241 et
2316 2176 2568 2242 firmum
2587 2174 2951 2254 habiturus,

705 2284 1020 2369 quidquid
1072 2286 1385 2370 magister
1416 2284 1916 2351 Bartholomeus
1951 2293 2015 2351 et
2067 2284 2358 2353 ,Iacobus
2392 2284 2672 2368 predicti
2703 2283 2957 2367 experi-

705 2392 917 2459 uerint
948 2412 1066 2476 pro
1101 2392 1355 2475 eodem,
1389 2400 1886 2475 assumpserunt
1918 2393 2003 2457 ab
2038 2412 2170 2458 una
2201 2400 2428 2476 parte3
2463 2393 2693 2457 Petrus
2725 2400 2790 2457 et
2825 2389 2952 2474 By—

705 2502 849 2567 ther
882 2501 1168 2570 Comites
1204 2501 1320 2586 filij
1357 2502 1561 2585 Miko‚
1605 2508 1669 2568 et
1700 2503 1905 2587 Myko
1936 2499 2108 2567 filius
2143 2502 2413 2582 Detrici‚
2448 2500 2557 2582 qui
2590 2499 2954 2586 personali-

706 2616 805 2677 ter
855 2619 1357 2696 comparuerunt
1409 2610 1713 2679 similiter
1765 2617 1831 2676 et
1882 2618 2396 2696 assumpserunt,
2431 2632 2512 2677 ex
2544 2611 2795 2693 altera3
2835 2608 2954 2675 de-

707 2722 910 2788 beant
944 2739 1322 2803 comparere
1374 2722 1810 2807 peremptorie
1846 2743 2065 2788 coram
2097 2723 2308 2805 nobi8‚
2339 2729 2411 2786 et
2442 2721 2587 2804 ipso
2623 2720 2731 2786 die
2766 2719 2960 2784 ambe

706 2834 929 2912 partes
963 2827 1183 2894 omnia
1215 2828 1567 2913 priuilegia
1602 2836 1668 2893 et
1719 2832 2152 2896 instrumenta
2183 2848 2322 2911 sua,
2360 2835 2680 2912 quotquot
2712 2826 2959 2893 habent

707 2954 905 3020 super
937 2936 1112 3004 facto
1143 2937 1594 3020 possessionis
1645 2939 1958 3026 Kyzche,
2010 2938 2141 3002 alio
2174 2939 2435 3004 nomine
2484 2938 2803 3005 Yescesin
2851 2955 2957 2998 uo-

709 3052 877 3126 cate,
913 3045 1082 3110 sicut
1115 3046 1397 3130 predicti
1449 3056 1907 3130 procuratores
1943 3048 2239 3113 eiusdem
2271 3045 2589 3134 Zobyzlai
2627 3047 2956 3129 dicebant,

710 3174 907 3239 quam
941 3155 1193 3223 scilicet
1240 3156 1731 3240 possessionem
1772 3155 1974 3240 ijdem
2007 3157 2239 3222 Petrus
2269 3162 2335 3222 et
2366 3155 2615 3243 Byther
2651 3155 2959 3237 Comites,

709 3284 789 3333 ac
821 3264 1044 3349 Myko‚
1078 3264 1166 3330 ad
1184 3266 1672 3348 possessionem
1693 3285 1915 3333 eorum
1949 3267 2171 3332 Varna
2201 3274 2509 3335 vocatam
2540 3273 2961 3333 asseruerunt

709 3374 1061 3460 pertinere,
1096 3381 1163 3439 et
1193 3394 1339 3442 esse
1374 3374 1546 3441 intra
1596 3383 1805 3443 metas
1839 3376 2008 3442 dicte
2062 3378 2506 3463 possessionis
2546 3378 2951 3458 eorumdem,

711 3484 1029 3564 confecta,
1065 3482 1308 3552 debent
1340 3484 1650 3552 exhibere
1695 3506 1915 3553 coram
1949 3486 2159 3553 nobis.
2192 3486 2442 3565 Quibus
2476 3485 2807 3565 exhibitis,
2844 3485 2959 3552 de-

712 3612 1048 3660 cernemus
1080 3592 1249 3660 inter
1268 3601 1491 3679 partes
1525 3596 1788 3664 iusticia
1809 3595 2159 3663 mediante.
2183 3600 2432 3665 Datum
2457 3597 2524 3662 in
2560 3595 2719 3665 villa
2751 3598 2955 3665 Zcen·

712 3701 908 3786 holm,
944 3707 1132 3768 sexto
1166 3700 1272 3770 die
1304 3704 1781 3785 quindenarum
1818 3703 2117 3773 Omnium
2150 3705 2558 3774 Sanctorum.

929 3903 1146 3968 chyzet.
1188 3895 1555 3970 Bb'rhartyan
1597 3903 1720 3957 kelt
1762 3901 1888 3957 zart
1930 3900 2083 3958 level
2104 3942 2117 3969 ‚
2166 3902 2319 3974 mely
2360 3903 2568 3960 szokas
2596 3907 2807 3960 szerint
2832 3906 2956 3963 mair

718 3992 902 4045 eltiint
924 3989 1104 4043 kerek
1123 3986 1405 4058 pecsettel
1424 3990 1546 4046 volt
1563 3988 1972 4061 lepecsetelve.
1999 3989 2270 4048 Hatirata
2295 4011 2363 4048 ez
2389 4015 2402 4049 ε
2429 4013 2534 4065 pro
2561 3994 2736 4051 Petro
2764 4002 2823 4051 et
2844 3998 2959 4066 By-

715 4086 806 4136 ter
831 4076 1150 4133 Comitibus
1196 4096 1264 4133 ac
1309 4077 1487 4147 Myko
1538 4087 1742 4137 contra
1768 4082 2119 4153 Zobyzlaum
2147 4083 2221 4138 ad
2249 4089 2483 4140 octauas
2520 4083 2957 4142 Purificacionis

715 4171 902 4227 Beate
924 4166 1196 4238 Virginis.
1222 4165 1278 4221 A
1302 4166 1514 4225 kekkoi
1540 4170 1903 4228 leve'ltarban
1931 4193 1944 4226 :
1972 4172 2139 4229 Fasc.
2168 4176 2217 4228 1.
2244 4172 2379 4230 Nm.
2404 4177 2459 4231 8.
2484 4163 2647 4244 Ενάῃ.

1608 4471 2097 4488 ’.άμ-ηυψ-ᾷ-
