3416 5313
1450 428 1541 497 67

1343 527 1398 536 ..-

370 625 479 692 bet
509 626 665 694 naui
697 647 844 695 cum
873 627 1130 696 salibus
1165 626 1596 695 descendenti
1625 627 1703 694 in
1737 626 1958 695 villam
1993 645 2182 695 suam
2220 626 2477 697 Oronos
2507 645 2620 693 vo-

377 741 594 801 catam
618 785 636 819 ,
689 735 926 821 viginti
961 738 1141 805 sales
1175 735 1442 805 racione
1487 734 1719 806 tributi
1752 737 2016 821 exigere
2051 736 2264 821 possit
2295 755 2413 819 pro
2451 755 2524 804 se
2557 742 2622 801 et

377 843 623 908 habere
644 892 664 925 ‚
715 850 780 912 et
812 844 1065 912 demum
1117 846 1335 931 ipsum
1390 845 1710 913 tributum
1742 844 2050 913 dominus
2092 843 2450 912 Ladislaus
2483 845 2623 909 Rex

378 950 584 1016 frater
615 957 836 1016 noster
884 952 1209 1038 patruelis
1262 951 1565 1019 similiter
1598 972 1718 1021 suo
1761 952 2106 1038 priuilegio
2158 950 2488 1019 mediante
2519 971 2623 1018 eo-

379 1059 532 1126 dem
564 1059 777 1146 modo,
827 1069 1022 1148 prout
1057 1062 1364 1130 dominus
1418 1066 1558 1130 Rex
1613 1062 1995 1147 Stephanus
2046 1062 2220 1147 patri
2268 1060 2472 1146 ipsius
2503 1063 2622 1128 Lo-

380 1165 601 1234 thardi
622 1168 789 1234 Bani
810 1168 1199 1254 contulerat,
1222 1170 1340 1254 pro
1363 1171 1716 1256 meritorijs
1738 1171 2041 1256 seruiciJs
2062 1171 2272 1257 ipsius
2306 1168 2624 1238 Lothardi

380 1276 547 1341 Bani
580 1277 910 1360 quondam
964 1279 1228 1344 domino
1260 1277 1578 1346 Ladislao
1613 1276 1778 1363 Regi
1809 1284 1963 1345 tunc
2018 1279 2339 1364 impensis
2361 1328 2379 1364 ,
2432 1297 2624 1361 quum

380 1383 766 1470 Jouehynus
798 1385 1022 1452 Banus
1055 1393 1120 1453 et
1173 1387 1468 1474 prefatus
1522 1387 1887 1454 Lothardus
1919 1388 2141 1460 Banus
2177 1408 2256 1454 ex
2307 1391 2620 1472 precepto

383 1494 592 1578 ipsius
627 1492 928 1559 Ladislai
960 1494 1156 1578 Regis
1206 1495 1294 1561 ad
1331 1493 1812 1562 deaastandum
1866 1495 2160 1578 Regnum
2192 1495 2461 1562 Austrie
2493 1495 2625 1560 iue-

383 1608 531 1666 rant
562 1612 793 1668 contra
846 1603 1089 1685 Regem
1122 1607 1507 1670 Boemorum
1534 1654 1551 1687 ,
1603 1603 1718 1669 vbi
1751 1603 1922 1669 idem
1978 1600 2351 1670 Lothardus
2403 1604 2626 1670 Banus

383 1709 693 1778 extiterat
724 1711 1100 1796 sauciatus3
1139 1723 1440 1797 preterea
1493 1733 1610 1797 pro
1645 1712 1949 1797 seruicijs
1984 1711 2278 1779 eiusdem
2311 1712 2627 1778 Lothardi

385 1819 573 1904 Bani,
606 1839 684 1886 eo
707 1830 998 1904 tempore
1023 1819 1288 1889 domino
1311 1821 1628 1888 Ladislao
1665 1821 1831 1906 Regi
1866 1822 2204 1905 impensis,
2239 1838 2436 1901 quum
2458 1819 2625 1885 idem

385 1927 686 1995 dominus
720 1927 1068 1997 Ladislaus
1120 1931 1266 1995 Rex
1316 1951 1461 1998 eum
1514 1928 1932 1999 multitudine
1969 1928 2298 1998 exercitus
2351 1928 2452 1994 sui
2485 1929 2622 1994 iue-

383 2043 489 2103 rat
520 2045 749 2105 eontra
800 2035 1164 2105 Otokarum
1197 2042 1448 2124 Regem
1499 2041 1929 2123 Boemorum,
1979 2044 2134 2107 tunc
2184 2038 2403 2124 Regni
2441 2037 2618 2102 Hun-

385 2147 572 2231 garie
603 2145 933 2214 inimicum
979 2149 1372 2234 capitalem,
1427 2149 1535 2215 vbi
1571 2146 1781 2216 eciam
1836 2148 2208 2232 sepedictus
2248 2143 2625 2213 Lothardus

385 2257 609 2324 Banus
643 2254 918 2323 viriliter
949 2256 1271 2326 dimicans
1293 2258 1488 2325 letale
1523 2260 1759 2324 uulnus
1787 2261 2181 2341 acceperat3
2214 2274 2333 2339 pro
2357 2254 2628 2320 uulnere

386 2368 595 2435 eciam
629 2366 793 2436 dicti
827 2366 1145 2434 Lothardi
1167 2368 1358 2451 Bani,
1392 2369 1458 2434 in
1493 2367 1800 2436 conflictu
1832 2374 2062 2435 contra
2098 2369 2433 2435 Gomanos
2454 2413 2474 2449 ,
2507 2381 2628 2448 per

386 2477 633 2542 dictum
665 2475 994 2542 dominum
1027 2478 1275 2563 Regem
1308 2478 1695 2544 Ladislaum
1723 2477 1970 2563 habito,
2007 2476 2118 2542 vbi
2150 2476 2324 2542 idem
2359 2472 2626 2538 Lothar-

302 2568 305 2575 Ἴ
387 2586 506 2652 dus
537 2588 763 2654 Banus
797 2589 926 2656 ictu
980 2590 1227 2676 sagitte
1259 2591 1327 2656 in
1362 2591 1630 2659 sinistro
1664 2590 1835 2676 pede
1867 2590 2086 2656 fuerat
2136 2588 2487 2674 sagittatus
2511 2634 2529 2669 ,
2565 2588 2627 2647 et

389 2696 649 2779 quidam
685 2698 890 2765 frater
923 2719 1083 2766 suus
1118 2699 1499 2768 Dominieus
1549 2700 1809 2765 nomine
1857 2698 2281 2772 interfectus,
2332 2695 2457 2781 ipsi
2509 2696 2629 2760 Lo·

385 2804 622 2874 thardo
673 2807 855 2873 Bano
889 2808 1260 2891 reliquisset
1310 2814 1375 2873 et
1411 2812 1617 2876 eciam
1670 2808 2061 2877 contulisset
2112 2801 2634 2890 possidendum3

389 2922 690 2999 petentes
722 2916 921 3001 ijdem
955 2917 1324 2986 Lothardus
1371 2921 1592 2986 Banus
1628 2926 1694 2985 et
1725 2918 2080 2985 Ladislaus
2116 2917 2294 2983 filius
2329 2930 2487 2980 suus
2507 2959 2528 2993 ,
2564 2915 2633 2976 vt

384 3025 600 3110 ipsum
635 3027 948 3093 tributum
983 3046 1200 3094 eorum
1229 3077 1246 3110 ,
1299 3034 1498 3111 prout
1528 3027 1928 3113 temporibus
1982 3026 2309 3094 dictorum
2338 3021 2631 3089 domino-

384 3152 522 3199 rum
556 3134 807 3219 Regum
842 3133 1169 3201 habuisse
1219 3139 1285 3201 et
1318 3133 1699 3219 percepisse
1733 3132 2156 3200 dinoscuntur
2177 3181 2193 3214 ,
2238 3130 2405 3216 ipsis
2438 3127 2632 3193 relin-

390 3260 588 3325 quere
625 3248 693 3308 et
726 3241 808 3307 de
858 3259 1025 3306 nouo
1060 3240 1361 3310 conferre
1410 3239 1850 3324 dignaremur.
1902 3243 2041 3308 Nos
2074 3240 2298 3323 itaque
2333 3234 2648 3316 consides

352 3339 551 3417 ‘ratis
602 3349 1037 3417 fidelitatibus
1090 3356 1155 3415 et
1186 3347 1484 3433 seruicijs
1531 3349 1940 3414 dominorum
1991 3346 2318 3413 Lothardi
2367 3344 2532 3409 Bani
2569 3346 2632 3408 et

387 3458 688 3526 Ladislai
718 3456 837 3541 filij
873 3457 974 3524 sui
1025 3458 1218 3525 nobis
1253 3458 1318 3522 in
1352 3455 1891 3541 expedicionibus
1939 3455 2189 3522 nostris
2240 3459 2467 3520 contra
2520 3450 2656 3517 do·-

388 3569 630 3637 minum
662 3566 995 3634 Albertum
1030 3565 1280 3635 Ducem
1313 3566 1574 3632 Austrie
1624 3572 1782 3634 tune
1833 3566 2165 3633 inimicum
2198 3568 2513 3644 nostrum,
2569 3564 2633 3624 et

386 3675 649 3742 demum
682 3676 747 3740 in
783 3676 1077 3743 exercitu
1109 3682 1331 3743 nostro
1358 3681 1586 3743 contra
1615 3673 1789 3741 filios
1824 3675 2096 3741 Henriei
2128 3672 2379 3754 habito,
2416 3668 2527 3752 qui
2560 3687 2632 3734 se

387 3805 430 3850 a
461 3791 686 3850 nostra
721 3790 1134 3850 retraxerant
1165 3784 1554 3865 Maiestate,
1589 3784 1927 3868 impensis,
1977 3801 2058 3846 ex
2093 3780 2368 3848 consilio
2399 3777 2632 3845 Archi·

387 3892 843 3980 episcoporum
866 3942 885 3976 ,
937 3891 1408 3978 Episcoporum
1443 3898 1510 3956 et
1540 3893 1873 3957 Baronum
1909 3888 2126 3975 Regni
2178 3887 2384 3954 nostri
2417 3887 2634 3968 ipsum

388 4000 700 4065 tributum
736 3998 805 4063 in
841 3999 1076 4065 Zomus
1112 3999 1400 4064 existens
1435 4019 1514 4065 eo
1550 3999 1687 4065 iure
1723 4006 1788 4064 et
1821 4018 1900 4064 ea
1944 3996 2380 4083 plenitudiue,
2416 4013 2633 4077 quem-

387 4109 745 4175 admodum
800 4108 1203 4193 temporibus
1253 4108 1659 4173 dominorum
1695 4108 2016 4193 Stephani
2075 4116 2139 4173 et
2170 4103 2465 4170 Ladisiai
2514 4104 2635 4168 Re-

389 4238 542 4303 gum
578 4219 862 4303 ipsorum
919 4218 1273 4304 priuilegio
1307 4218 1639 4283 mediante
1672 4216 1851 4282 idem
1906 4214 2275 4280 Lothardus
2315 4214 2538 4278 Banus
2573 4215 2641 4276 et

390 4326 567 4392 filius
597 4343 753 4392 suus
789 4324 1106 4392 habuisse
1139 4325 1584 4405 dinoscuntur,
1623 4323 1790 4408 ipsis
1822 4322 2155 4389 Lothardo
2196 4320 2379 4387 Bano
2414 4324 2477 4385 et
2511 4319 2635 4383 La-

390 4435 607 4502 dislao
639 4434 772 4500 filio
807 4455 927 4501 suo
964 4455 1044 4499 ac
1078 4455 1303 4501 eorum
1323 4432 1703 4514 heredibus,
1731 4431 2171 4513 heredumque
2193 4449 2453 4496 suorum
2492 4447 2640 4493 suc-

390 4544 757 4614 cessoribus
792 4544 1194 4627 reliquimus,
1231 4542 1531 4610 dedimus
1563 4547 1627 4606 et
1661 4541 1745 4606 de
1778 4559 1950 4606 nouo
2001 4538 2400 4607 contulimus
2431 4536 2643 4620 perci-

389 4655 721 4738 piendum,
755 4653 1245 4739 possidendum,
1279 4653 1637 4720 tenendum
1675 4657 1742 4716 et
1775 4650 2166 4716 habendum.
2216 4649 2293 4714 In
2328 4652 2511 4715 euius
2541 4645 2638 4711 rei

393 4762 773 4832 memoriam
822 4768 1336 4846 perpetuamque
1387 4759 1763 4827 firmitatem
1798 4763 2141 4843 presentes
2193 4755 2642 4825 concessimus

2237 4866 2317 4934 5*
