3416 5313
1471 376 1592 442 171

1447 1048 1585 1115 1¹2.

409 1264 536 1327 III.
573 1262 788 1327 Endre
830 1287 872 1325 a
890 1261 1095 1348 fertb'i
1128 1260 1444 1345 fe'lvcimot
1481 1261 1773 1349 Soprony
1824 1265 2006 1327 vairos
2027 1259 2341 1345 falainak
2390 1260 2653 1347 lcii-qad-

1050 1372 1272 1434 tamira
1303 1369 1787 1455 adomcinyozza.
1825 1370 2017 1435 1297.

626 1585 926 1652 Andreas
951 1584 1074 1649 Dei
1095 1585 1320 1666 gracia
1340 1583 1700 1666 Hungarie,
1726 1585 2092 1666 Dalmacie,
2117 1581 2409 1669 Groacie,
2433 1583 2655 1665 Rame,

415 1694 664 1773 Seruio,
702 1693 998 1773 Gallicie,
1033 1691 1444 1772 Lodomerie,
1505 1692 1834 1775 Comanie,
1875 1693 2315 1776 Bulgarieque
2350 1694 2489 1757 Rex
2523 1712 2657 1758 om-

413 1803 610 1869 nibus
643 1801 886 1871 Christi
918 1801 1218 1868 fidelibus
1252 1808 1384 1867 tam
1423 1802 1845 1885 presentibus
1872 1821 2063 1884 quam
2088 1800 2317 1868 futuris
2350 1800 2658 1866 noticiam

413 1908 852 1996 presencium
878 1908 1194 1975 habituris
1249 1911 1527 1974 salutem
1579 1910 1644 1976 in
1699 1910 1984 1976 Domino
2040 1909 2522 1992 sempiternam.
2556 1908 2658 1973 Ad

414 2018 861 2085 vniuersorum
913 2024 1139 2083 tenore
1172 2018 1586 2101 presencium
1622 2017 1930 2085 noticiam
1968 2017 2262 2084 uolumus
2294 2017 2657 2100 peruenire,

414 2124 590 2209 quod
623 2144 763 2192 cum
796 2145 916 2191 nos
938 2127 1004 2190 in
1027 2123 1359 2190 ciuitatem
1378 2131 1665 2191 nostram
1689 2125 2196 2210 Supruniensem
2231 2127 2656 2210 uenissemus,

414 2241 482 2301 et
514 2240 982 2322 paupertatem,
1005 2235 1292 2320 inopiam
1325 2254 1442 2300 seu
1477 2235 1964 2320 depressionem
2000 2236 2235 2302 ciuium
2269 2256 2346 2302 ac
2369 2234 2655 2303 omnium

410 2344 742 2428 hospitum
764 2350 1128 2410 nostrorum
1152 2342 1218 2410 in
1240 2342 1471 2407 eadem
1495 2344 1758 2409 ciuitate
1783 2349 2007 2411 nostra
2031 2344 2459 2428 Supruniensi
2480 2363 2649 2408 com-

413 2447 830 2535 morancium‚
862 2466 1111 2513 necnon
1136 2467 1456 2513 murorum
1494 2449 1789 2515 eiusdem
1813 2449 2099 2515 ciuitatis
2132 2449 2656 2518 confraccionem

414 2580 496 2627 ex
525 2560 728 2626 nimia
748 2557 1159 2642 antiquitate,
1193 2567 1261 2624 et
1292 2561 1511 2642 operis
1549 2566 1941 2625 vetustatem
1978 2559 2389 2641 vidissemus,
2412 2561 2656 2644 inopie·

413 2688 539 2751 que
593 2688 710 2735 seu
762 2670 1142 2750 paupertati
1193 2670 1484 2753 ipsorum
1523 2669 1758 2734 ciuium
1812 2678 2172 2735 nostrorum
2208 2670 2289 2735 de
2338 2669 2657 2753 Supronio

415 2777 784 2845 huiusmodi
820 2777 1289 2862 compaciendo
1339 2786 1405 2844 et
1453 2796 1779 2844 murorum
1811 2777 2353 2857 confraccionem,
2395 2786 2462 2844 et
2493 2797 2657 2862 ope-

411 2888 503 2953 ris
537 2890 932 2952 vetustatem
967 2887 1258 2951 eiusdem
1293 2885 1580 2953 ciuitatis
1602 2895 1827 2952 nostre
1848 2888 2174 2954 intuentes
2198 2888 2655 2970 doluissemus,

412 2997 876 3080 cupientesque
909 3014 988 3059 cx
1040 2994 1243 3060 animi
1293 2995 1498 3062 nostri
1548 2994 1877 3063 desiderio
1928 2996 2107 3062 circa
2160 2996 2658 3082 reparacionem

411 3125 491 3169 ac
543 3123 875 3171 murorum
925 3104 1432 3170 renouacionem
1474 3103 1770 3187 predicte
1812 3105 2098 3172 ciuitatis
2152 3111 2373 3171 nostre
2421 3103 2657 3188 inuigi-

409 3216 574 3299 lare,
609 3231 860 3278 necnon
892 3212 1132 3297 inopie,
1165 3209 1542 3296 paupertati
1576 3231 1696 3278 seu
1731 3215 2145 3296 oppressioni
2181 3215 2535 3281 eorundem
2567 3213 2659 3281 ci·

410 3322 585 3385 nium
619 3340 736 3386 seu
764 3320 1097 3405 hospitum
1145 3318 1455 3404 remedijs
1490 3321 1870 3405 opportunis
1921 3323 2290 3388 donacione
2340 3342 2422 3387 ex
2453 3322 2655 3386 muni-

407 3429 686 3498 ficencia
718 3428 927 3514 Regia
959 3428 1334 3513 prospicere
1369 3436 1432 3492 et
1465 3430 1713 3511 pariter
1746 3430 2111 3515 prouidere,
2146 3438 2218 3498 vt
2249 3452 2329 3498 ex
2364 3433 2652 3516 ipsorum

410 3538 642 3602 ciuium
677 3543 850 3600 statu
871 3588 889 3621 ‚
924 3534 1265 3602 commodo
1300 3540 1366 3599 et
1411 3535 1762 3617 apulencia
1809 3537 2019 3604 honor
2052 3538 2294 3620 Regius
2332 3558 2645 3622 augmen-

410 3652 579 3712 tetur
614 3651 680 3708 et
709 3643 920 3727 Regie
952 3643 1281 3710 Maiestati
1313 3642 1624 3709 honorem
1676 3644 2054 3728 impendere
2087 3646 2338 3732 possint
2377 3648 2647 3731 amplio-

409 3774 581 3840 rem;
616 3751 1035 3817 medietatem
1070 3751 1294 3817 tributi
1331 3751 1412 3817 de
1450 3749 1707 3839 Fertev,
1753 3771 1947 3836 quam
1983 3755 2282 3823 dominus
2316 3759 2459 3822 Rex
2490 3757 2654 3823 Bela

408 3863 769 3930 auunculus
816 3867 1036 3926 noster
1086 3861 1281 3926 beate
1334 3861 1641 3928 memorie
1689 3882 1809 3946 pro
1843 3864 2355 3932 conseruacione
2387 3866 2658 3931 turrium

409 3973 608 4039 castri
658 3969 1124 4055 Supruniensis
1156 3968 1434 4052 predicti
1467 3969 1777 4057 donauit;
1813 3969 2245 4040 donacionem
2287 3975 2658 4043 huiusmodi

407 4076 832 4168 attendentes
865 4096 1013 4145 esse
1045 4074 1258 4142 minus
1293 4077 1550 4162 vtilem‚
1606 4079 2014 4164 presencium
2068 4083 2459 4151 auctoritate
2511 4104 2657 4171 pre-

414 4187 684 4255 missam
717 4186 1147 4254 donacionem
1181 4183 1503 4251 irritando
1555 4207 1960 4274 reuocamus,
2010 4199 2077 4257 et
2109 4193 2386 4259 eandem
2417 4194 2657 4260 medie·

408 4304 611 4368 tatem
641 4295 870 4364 tributi
904 4314 1051 4362 cum
1071 4293 1368 4361 omnibus
1402 4296 1792 4365 utilitatibus
1825 4308 1890 4365 et
1937 4301 2363 4388 pertinencijs
2396 4302 2533 4369 suis
2567 4302 2653 4370 ci,-

407 4406 593 4474 uibus
628 4425 745 4473 seu
774 4405 1149 4489 hospitibus
1200 4404 1529 4472 vniuersis
1564 4406 1647 4473 de
1680 4407 2005 4497 Suprunio
2041 4412 2129 4481 ad
2159 4432 2350 4482 vsum
2383 4420 2449 4481 et
2477 4410 2647 4480 vtili-

407 4524 608 4584 tatem
642 4535 1044 4584 communem
1066 4564 1086 4599 ,
1137 4520 1202 4580 et
1245 4535 1363 4600 pro
1414 4518 1853 4587 renovacione
1910 4520 2199 4589 ciuitatis
2253 4531 2473 4591 nostre
2503 4541 2650 4607 pre·

407 4626 577 4695 dicte
607 4648 689 4695 ac
721 4645 1047 4693 murorum
1068 4624 1273 4695 castri
1289 4626 1719 4713 reparacione
1743 4627 2066 4717 dedimus,
2087 4632 2495 4720 donauimus,
2517 4639 2646 4699 tra-

403 4736 690 4805 didimus
742 4740 808 4804 ct
840 4734 1222 4806 contulimus
1253 4736 1394 4805 iure
1423 4743 1739 4825 perpetuo
1791 4747 1859 4809 et
1907 4741 2426 4811 irrevocabiliter
2477 4748 2652 4831 paci·
