3416 5313
1485 318 1613 389 103

1490 981 1599 1047 ⁶7.

421 1176 552 1240 Ράί
584 1180 1064 1263 somoqymeqyei
1111 1178 1316 1242 albe-6
1337 1179 1621 1244 Her-man
1648 1178 2109 1263 pannonhalmi
2158 1178 2444 1264 apcitnak
2481 1178 2665 1243 Kara

1059 1290 1219 1350 nevil
1236 1284 1451 1372 fh‘ldet
1477 1287 1758 1353 odaite'li.
1794 1288 1993 1350 1294.

632 1482 770 1550 Nos
792 1482 1025 1549 Comes
1047 1483 1290 1552 Paulus
1312 1483 1715 1552 Vico-Judex
1736 1483 2036 1570 magistri
2075 1483 2340 1551 lwance
2360 1483 2554 1551 Ourie
2575 1479 2667 1567 (?)

416 1589 689 1657 Comitis
741 1591 1215 1677 Symigiensis,
1266 1594 1569 1658 memorie
1620 1592 2153 1658 commendantes
2215 1592 2665 1679 significamus

416 1698 744 1767 vniuersis
776 1699 1013 1782 quibus
1047 1700 1314 1784 expedit
1346 1703 1759 1786 presencium
1793 1719 1912 1785 per
1944 1705 2270 1766 tenorem:
2306 1699 2478 1782 quod
2510 1700 2666 1783 quia

417 1806 648 1874 Comes
679 1808 1018 1876 ,Iohannes
1053 1807 1139 1885 de
1172 1809 1468 1895 Egyude,
1497 1818 1562 1875 et
1592 1808 1829 1875 Iharus
1880 1807 2087 1873 frater
2130 1807 2291 1891 eins,
2326 1806 2661 1874 mediam-

415 1915 536 1982 bus
567 1918 797 1984 litteris
847 1916 1138 1984 eiusdem
1174 1919 1475 2003 magistri
1528 1922 1792 1986 Iwance
1825 1916 2000 1984 diem
2049 1939 2247 1986 vnum
2283 1936 2656 2002 assumpse-

416 2032 583 2108 rant,
617 2032 690 2090 ut
721 2025 785 2091 in
820 2026 1093 2092 termino
1115 2027 1461 2112 assignato
1500 2028 1760 2095 litteras
1793 2047 1908 2094 seu
1940 2028 2374 2095 instrumenta
2405 2047 2526 2095 sua
2558 2044 2663 2091 su-

413 2152 533 2217 per
561 2133 738 2201 facto
771 2139 942 2200 terre
973 2133 1153 2199 Kara
1188 2135 1510 2217 confecta,
1546 2135 1851 2220 impedite
1883 2155 2000 2222 per
2041 2136 2247 2202 virum
2283 2135 2659 2218 religiosum

415 2244 680 2310 fratrem
702 2242 1141 2310 Hermannum
1167 2242 1492 2312 Abbatem
1518 2244 1746 2311 Sancti
1782 2243 2047 2311 Martini
2084 2245 2168 2310 de
2200 2245 2406 2310 Sacro
2437 2247 2660 2312 Monte

418 2352 771 2435 Pannonie,
806 2359 872 2417 et
901 2350 1201 2417 similiter
1251 2351 1421 2417 idem
1471 2353 1686 2419 dictus
1714 2352 1941 2417 Abbas
1991 2351 2251 2418 litteras
2309 2358 2376 2417 et
2425 2352 2663 2417 instru-

417 2466 638 2527 menta
687 2479 810 2525 sua
841 2478 1039 2545 super
1088 2458 1264 2527 facto
1321 2458 1611 2527 eiusdem
1664 2466 1840 2526 terre
1872 2461 2055 2526 Kara
2088 2463 2397 2525 emanata
2430 2467 2661 2526 contra

419 2567 681 2635 eosdem
715 2568 1027 2635 exhibere
1050 2587 1271 2635 coram
1302 2569 1493 2637 nobis
1529 2569 1890 2650 debuisset,
1927 2570 2207 2655 ipsoque
2245 2569 2524 2637 termino
2557 2588 2662 2633 as-

418 2678 687 2765 signato
721 2678 1013 2763 prefatus
1055 2677 1287 2746 Comes
1317 2679 1654 2747 Jobannes
1684 2678 1868 2746 venit
1901 2685 1968 2745 et
2000 2679 2295 2746 exhibuit
2335 2699 2455 2763 pro
2488 2697 2561 2744 se
2599 2687 2665 2745 et

415 2806 535 2874 pro
585 2788 781 2853 Ibaro
839 2787 1041 2853 fratre
1093 2808 1211 2854 suo
1275 2788 1597 2871 quasdam
1646 2788 1904 2853 litteras
1953 2806 2083 2852 non
2138 2787 2432 2873 predicte
2495 2793 2664 2852 terre

422 2895 610 2961 Kara
642 2895 1091 2978 continentes,
1127 2894 1363 2978 quibus
1395 2896 1705 2981 perlectis
1740 2894 1883 2980 ipse
1915 2895 2150 2962 Comes
2192 2892 2535 2962 Jobannes
2569 2894 2663 2960 di-

421 3004 553 3083 xit,
610 3004 785 3085 quod
836 3003 1215 3090 ignoranter
1248 3024 1467 3072 secum
1502 3005 1668 3070 alias
1718 3005 1975 3072 litteras
2007 3006 2165 3070 illuc
2215 3010 2660 3089 apportasset,

416 3110 826 3197 postmodum
877 3112 1122 3180 ibidem
1174 3115 1530 3197 assumpsit
1581 3114 1991 3181 voluntatem
2013 3163 2031 3196 ,
2083 3121 2152 3180 vt
2190 3110 2472 3177 sabatho
2511 3131 2663 3177 ven·

413 3229 559 3286 turo
589 3219 658 3285 111
690 3227 924 3287 octauo
959 3221 1067 3288 die
1087 3220 1366 3305 predicti
1397 3222 1657 3287 termini
1707 3222 1961 3290 litteras
1995 3229 2059 3287 et
2114 3220 2531 3303 priuilegium
2570 3219 2663 3285 fa-

417 3334 590 3397 ctum
609 3327 904 3414 predicte
924 3336 1099 3397 terre
1123 3332 1305 3399 Kara
1338 3329 1758 3397 continencia
1789 3329 2146 3397 exhiberet.
2178 3330 2316 3397 Nos
2347 3348 2501 3396 vero
2531 3347 2663 3393 una

417 3457 560 3503 cum
594 3438 908 3523 magistro
961 3440 1310 3506 Valentino
1342 3445 1410 3506 et
1444 3439 1595 3508 aliis
1628 3439 1954 3508 nobilibus
2005 3441 2069 3503 in
2104 3439 2250 3505 loco
2276 3437 2514 3520 judicii
2546 3456 2659 3504 no-

417 3545 670 3613 biscum
722 3547 1170 3614 assidentibus
1204 3544 1637 3625 decreuimus,
1675 3552 1747 3613 vt
1779 3547 1844 3612 in
1897 3548 2041 3631 ipso
2076 3551 2311 3613 octauo
2363 3545 2470 3611 die
2504 3550 2662 3610 ante

416 3652 896 3722 exhibicionem
928 3654 1289 3721 litterarum
1321 3674 1590 3721 suarum
1628 3654 1900 3721 deberet
1928 3654 2089 3720 dare
2121 3673 2313 3720 vnum
2349 3652 2661 3719 iudicium

416 3782 538 3846 pro
569 3781 662 3846 se,
698 3772 764 3828 et
797 3762 980 3830 alind
1012 3783 1130 3848 pro
1164 3762 1398 3832 Iharus
1430 3765 1634 3830 fratre
1661 3782 1781 3831 suo
1816 3768 2187 3848 prenotat0,
2221 3782 2339 3848 pro
2375 3782 2473 3835 eo,
2506 3760 2663 3843 quia

415 3871 484 3935 in
517 3872 729 3952 primo
782 3873 1056 3938 termino
1090 3885 1424 3959 assumpto
1473 3875 1732 3939 litteras
1766 3880 1830 3937 et
1879 3872 2317 3939 instrumenta
2367 3890 2489 3939 sua
2521 3889 2661 3959 pre-

415 3978 620 4046 missa
672 3979 978 4048 exhibere
1027 4002 1154 4050 non
1206 3983 1418 4069 potuit
1441 4031 1457 4062 ,
1509 3987 1706 4068 prout
1749 3981 2050 4066 superius
2101 3986 2201 4045 est
2264 3998 2661 4065 expressum.

414 4092 697 4177 Ipsoque
748 4109 904 4173 ergo
937 4088 1214 4157 termino
1250 4090 1639 4158 adueniente
1671 4089 2009 4173 predictus
2044 4086 2277 4154 Comes
2325 4088 2663 4155 Johannes

409 4199 846 4285 personaliter
871 4218 990 4282 pro
1022 4218 1094 4264 se
1117 4203 1185 4264 01
1214 4217 1332 4284 pro
1366 4199 1591 4265 eodem
1624 4199 1858 4267 Iharus
1881 4197 2341 4281 comparendo‚
2366 4196 2659 4282 predicto

415 4307 679 4373 domino
701 4306 956 4372 Abbate
978 4305 1415 4393 personaliter
1434 4306 1743 4374 adstante
1764 4306 2063 4374 exhibuit
2083 4305 2403 4388 quasdam
2427 4309 2657 4390 paten-

413 4422 511 4483 tes
561 4414 842 4498 litteras,
873 4421 938 4481 et
982 4436 1177 4483 vuum
1229 4415 1638 4502 priuilegium
1689 4424 1978 4483 tenorem
2034 4413 2386 4481 earundem
2437 4418 2661 4497 patene

413 4525 582 4590 cium
634 4524 992 4618 litterarum
1027 4527 1370 4593 continens
1424 4524 1670 4593 domini
1722 4522 2021 4591 Ladizlai
2049 4522 2400 4605 ,quondam
2457 4519 2663 4602 Regis

412 4633 778 4718 Hungarie.
813 4632 1062 4713 Quibus
1111 4634 1278 4703 visis
1311 4640 1376 4699 et
1407 4633 1716 4721 perlectis
1747 4632 1918 4699 inter
1951 4637 2172 4722 cetera
2202 4629 2479 4697 vidimus
2513 4645 2660 4694 oon-
