3416 5313
1499 330 1661 403 69.

412 545 777 596 mansuros.
814 527 1002 595 Vnde
1035 527 1353 613 volumus,
1390 526 1560 613 quod
1591 549 1711 598 vos
1743 529 1809 597 in
1862 534 2086 597 vestra
2137 525 2442 599 libertate
2488 551 2648 623 con-

411 638 688 706 seruetis
720 638 909 705 iuxta
954 638 1187 704 omnia.
1245 636 1485 704 Datum
1521 641 1584 704 in
1643 636 1905 705 Iwancb
1939 637 2109 704 feria
2148 638 2445 707 secunda
2464 644 2648 727 “pro-

409 745 590 813 xima
621 754 768 833 post
800 748 1039 814 festum
1073 746 1298 817 Sancti
1348 747 1520 815 Petri
1554 746 1638 815 ad
1688 747 1971 815 vincula.

629 959 871 1033 (Sopron
899 959 1067 1019 varos
1106 959 1490 1020 levdltarabol
1513 962 1660 1020 Lad.
1685 963 1754 1020 L.
1780 962 1950 1021 Fuc.
1975 964 2018 1021 Ι.
2045 960 2116 1020 N.
2144 965 2194 1019 9.
2222 966 2414 1031 Czoch.)

1277 1293 1791 1307 ——-‘—-.--—-.-—.

1461 1853 1574 1919 44.

399 2071 807 2157 Lonqshanks
853 2070 1072 2156 vaqyis
1106 2070 1155 2133 J.
1189 2067 1463 2132 Eduard
1496 2068 1684 2150 anyol
1715 2067 1928 2155 kira'ly
1960 2069 2087 2133 ΙΙΙ.
2122 2070 2338 2136 Endre
2379 2093 2640 2160 maqyar

754 2178 1079 2265 loir-‹ilyhoz
1109 2201 1152 2242 a
1181 2178 1479 2243 keresztes
1508 2177 1750 2244 hdbomz
1777 2178 2064 2266 uqyeben.
2100 2180 2293 2263 1292.

584 2395 1018 2465 Serenissimo
1038 2395 1329 2481 Principi
1350 2393 1611 2471 domino
1628 2394 1892 2463 Andree
1911 2395 2041 2463 Dei
2064 2394 2291 2482 gracia
2324 2397 2639 2484 Ungarie,

400 2506 764 2591 Dalmacie,
801 2503 1092 2583 Oroacie‚
1115 2507 1342 2588 Rame,
1363 2504 1610 2591 Seruie,
1639 2503 1940 2583 Gallicis,
1975 2503 2374 2593 Lodomerie,
2409 2505 2639 2576 Cuma-

399 2616 525 2697 nie,
559 2613 997 2700 Bulgarieque
1029 2613 1202 2699 Regi
1251 2612 1621 2683 Edwardus
1670 2611 1904 2681 eadem
1941 2612 2172 2699 gracia
2203 2616 2348 2682 Rex
2378 2614 2638 2702 Anglie,

400 2724 719 2793 Dominus
762 2723 1075 2791 Hibernie
1107 2729 1172 2792 et
1194 2725 1345 2790 Dux
1380 2722 1738 2806 Aquitanie
1770 2722 2048 2789 salutem
2081 2743 2228 2791 cum
2278 2725 2523 2793 honore
2572 2731 2639 2791 et

398 2834 609 2920 glorie
641 2833 937 2902 felicibus
987 2832 1425 2900 incrementis.
1481 2831 1907 2902 celsitudinis
1937 2838 2156 2901 vestre
2189 2832 2465 2909 litteras,
2504 2816 2638 2918 ‚que

398 2942 660 3008 suerunt
690 2941 878 3009 nobis
912 2961 995 3008 ex
1025 2946 1213 3028 parte
1243 2947 1468 3009 vestra
1499 2960 1617 3026 per
1648 2940 1935 3007 nobilem
1968 2941 2173 3008 virum
2204 2941 2636 3026 Paganellum

398 3050 480 3116 de
510 3050 909 3138 Vicopisano
962 3050 1371 3138 familiarem,
1405 3056 1695 3119 vestrum
1726 3055 1791 3116 et
1823 3048 2146 3131 nuncium,
2183 3050 2458 3119 latorem
2490 3070 2638 3137 pre-

397 3160 689 3227 sencium
721 3165 1113 3245 presentate,
1135 3159 1304 3227 inter
1335 3166 1556 3228 cetera
1589 3158 2001 3227 credenciam
2035 3156 2469 3246 continentes,
2503 3178 2635 3244 quo

397 3269 615 3338 decuit
664 3270 911 3338 honore
960 3268 1361 3355 recepimus;
1413 3275 1646 3337 ettam
1696 3288 1818 3358 per
1867 3266 2243 3352 significata
2288 3286 2406 3354 per
2460 3270 2633 3354 illas,

397 3397 595 3463 quam
627 3397 708 3445 ea
739 3398 869 3462 que
919 3379 1091 3445 idem
1142 3381 1415 3448 nuncius
1458 3384 1716 3456 vester,
1765 3377 1867 3447 vir
1899 3375 2124 3463 vtique
2178 3376 2534 3445 industrius
2568 3384 2635 3447 et

392 3485 715 3554 discretus
735 3538 754 3572 ,
824 3487 933 3570 qui
988 3487 1115 3554 sibi
1166 3487 1513 3556 commissa
1564 3486 1757 3558 nobis
1808 3486 2109 3575 exposuit
2140 3486 2629 3575 circumspecte,

390 3595 589 3682 pleno
624 3595 1003 3679 collegimus
1036 3594 1392 3665 intellectu.
1447 3598 1622 3665 Sane
1671 3596 1757 3665 de
1791 3595 1940 3679 hiis,
1974 3615 2102 3681 que
2152 3595 2345 3664 nobis
2378 3595 2466 3663 ad
2505 3595 2632 3664 Dei

391 3704 742 3772 seruicium
790 3708 856 3767 et
907 3703 1221 3771 honorem
1273 3721 1353 3770 ac
1383 3704 1866 3775 exaltacionem
1915 3703 2068 3773 fidei
2109 3703 2483 3774 Christiane
2516 3705 2631 3773 Se·

392 3815 639 3883 tenitas
668 3816 894 3879 vestra
950 3810 1131 3879 duxit
1182 3813 1542 3881 liberaliter
1593 3812 1952 3898 offerenda,
1993 3811 2486 3900 Magnificencie
2517 3835 2625 3883 ve-

392 3930 528 3992 stre
559 3918 901 3988 referimus
958 3921 1326 4007 graciarum
1360 3922 1592 3991 vberes
1625 3921 1969 4005 acciones;
2021 3940 2105 3987 ex
2155 3919 2279 3994 hoc
2310 3921 2627 4008 grandem

391 4030 816 4103 affeccionem
848 4035 912 4096 et
941 4036 1256 4115 teneram,
1308 4050 1504 4113 quam
1534 4029 1621 4096 ad
1650 4030 1995 4116 negocium
2044 4037 2259 4099 status
2288 4030 2629 4100 miserabi-

392 4144 475 4210 lis
504 4139 708 4207 'Perre
741 4139 980 4206 Sancte
1029 4156 1111 4203 ac
1139 4139 1229 4206 ad
1253 4139 1639 4223 obsequium
1669 4137 1897 4227 ipsius,
1932 4140 2043 4224 qui
2072 4147 2311 4208 ter-ram
2353 4138 2627 4208 eandem

394 4246 721 4335 sanguine
752 4245 1020 4332 proprio
1045 4245 1400 4334 dedicauit,
1434 4247 1662 4332 geritis
1682 4250 2155 4336 perspicaciter
2185 4246 2623 4318 attendentes.

393 4359 635 4425 Verum
666 4364 1022 4438 antequam
1073 4356 1377 4424 nuncium
1425 4363 1711 4426 vestrum
1742 4375 2202 4442 receperamus
2225 4406 2243 4442 ,
2277 4355 2493 4426 fuerat
2524 4374 2624 4425 or-

397 4467 713 4546 dinatum,
746 4463 908 4530 etin
939 4469 1116 4532 certo
1150 4482 1413 4531 eramus
1456 4465 1815 4553 proposito,
1845 4466 2065 4535 facere
2096 4463 2481 4552 passagium
2511 4485 2624 4533 no·

395 4581 599 4643 strum
629 4590 748 4659 per
780 4592 978 4655 mare,
1015 4593 1056 4638 a
1089 4572 1453 4640 cuiusmodi
1489 4573 1917 4648 ordinacione
1950 4573 2255 4642 recedere
2284 4592 2416 4641 non
2449 4575 2622 4643 rale-

393 4703 557 4753 mus.
589 4680 690 4750 De
721 4680 900 4748 mille
930 4701 1087 4749 vero
1113 4679 1429 4751 militibus
1461 4686 1526 4749 et
1556 4682 1923 4770 sagittariis
1956 4681 2302 4769 equitibus,
2335 4700 2498 4768 quos
2531 4684 2620 4757 ad
