3416 5313
1376 346 1509 417 223

309 554 548 637 sponte
598 552 1138 632 assumpserunt,
1195 543 1356 611 etin
1408 561 1805 627 quocunque
1855 539 2138 610 articulo
2188 538 2566 609 refricatum

314 655 533 734 fuerit,
565 655 635 722 in
665 654 1003 740 premissis
1035 672 1192 739 pars
1216 702 1234 736 ,
1266 670 1394 735 que
1427 650 1793 736 predictam
1827 647 2379 735 composicionem
2417 667 2564 716 con-

315 762 696 849 tempserit,
751 762 895 829 sine
949 760 1221 847 strepitu
1250 756 1485 845 judicij
1537 758 1798 827 amittet
1844 755 1913 824 in
1965 756 2224 844 prefata
2275 756 2568 823 Ilmeuch

319 874 759 957 possessione,
793 868 860 936 in
891 871 1086 938 terris
1119 874 1183 936 et
1213 867 1279 933 in
1314 867 1526 950 aquis,
1575 886 1767 935 suam
1797 866 2307 951 possessionem.
2358 899 2457 928 -.-
2484 896 2568 909 --

578 1171 878 1246 (Eredetie
906 1191 942 1229 a
968 1171 1165 1230 Nema.
1190 1169 1459 1227 Muzeum
1485 1166 1736 1227 kezirati
1760 1164 2333 1242 gyiljtemenydben.)

1185 1461 1697 1473 ..m-w

1392 2013 1538 2082 147.

331 2193 394 2260 A
421 2192 725 2280 pozaonyi
761 2189 1069 2279 kaptalan
1116 2191 1643 2278 bizonyedqlevele
1661 2241 1682 2274 ,
1716 2190 1876 2279 hoyy
1925 2191 2175 2278 Kdroly
2221 2187 2386 2277 9r6f
2422 2188 2583 2256 Scin·

331 2302 579 2369 dornale
611 2301 717 2387 fia
732 2349 751 2385 ,
804 2302 1054 2366 teetve're
1086 2300 1446 2366 Domonkoe
1500 2299 1853 2388 meqb'lete'se
1902 2300 2254 2389 tdrqydban
2302 2300 2586 2366 Petam-el

330 2413 601 2478 Μάνὶοη
612 2407 828 2494 fidval
875 2409 937 2473 έε
967 2404 1264 2472 Petueeal
1310 2406 1593 2473 Zoerarcl
1624 2418 1842 2474 maner
1854 2408 2086 2495 fidval,
2135 2409 2590 2496 eyyszeremind

510 2518 823 2584 rokonaik
853 2516 1114 2583 nevc'ben
1162 2516 1238 2604 ie,
1272 2516 1725 2603 bardtodqoean
1758 2518 2177 2606 eqyezkedtek.
2210 2519 2409 2585 1299.
2566 2512 2569 2515 “

986 2698 1063 2765 Α.
1284 2699 1353 2764 Β.
1574 2697 1647 2765 C.
1864 2700 1945 2765 D.

554 2858 897 2928 Vniuersis
949 2859 1190 2929 Christi
1220 2857 1546 2942 fidelibus,
1581 2866 1927 2946 presentes
1979 2859 2236 2928 litteras
2269 2861 2593 2948 inspectu-

341 2969 434 3039 ris
472 2969 848 3057 Capitulum
899 2968 1199 3038 Ecclesie
1250 2967 1680 3037 Posoniensis
1732 2969 2013 3036 salutem
2062 2970 2131 3037 in
2181 2968 2418 3037 salutis
2469 2988 2593 3035 au-

340 3085 544 3145 ctore.
578 3075 685 3144 Ad
733 3076 1185 3146 vniuersorum
1235 3075 1548 3143 noticiam
1582 3079 1812 3143 tenore
1844 3076 2260 3161 presencium
2292 3076 2594 3144 volumus

338 3185 709 3271 peruenire,
744 3184 923 3269 quod
957 3184 1326 3253 constitutis
1376 3184 1825 3269 personaliter
1854 3202 2079 3249 coram
2111 3185 2302 3252 nobis
2336 3182 2593 3252 Comite

338 3293 595 3362 Karulo
627 3290 761 3358 filio
791 3291 1158 3358 Alexandri
1185 3311 1305 3376 pro
1328 3309 1402 3357 se
1423 3295 1489 3356 et
1519 3310 1641 3375 pro
1677 3290 1813 3357 filio
1846 3310 1986 3379 su0,
2020 3311 2100 3360 ae
2132 3311 2254 3377 pro
2289 3293 2596 3360 omnibus

338 3399 642 3488 cognatis
675 3406 743 3467 et
762 3400 993 3467 amicis
1026 3400 1162 3468 suis
1183 3400 1268 3469 ab
1302 3419 1435 3467 una
1466 3406 1695 3485 parte3
1730 3401 1928 3469 Petro
1961 3420 2118 3468 uero
2153 3401 2286 3470 filio
2328 3400 2595 3469 Martini

337 3531 456 3597 pro
493 3529 569 3577 se
600 3517 668 3576 et
698 3527 813 3593 pro
845 3508 1067 3586 Petus,
1110 3506 1244 3575 filio
1276 3507 1577 3592 magistri
1622 3506 1976 3593 Zoerardi,
2015 3512 2082 3575 et
2132 3529 2252 3595 pro
2288 3509 2592 3579 omnibus

340 3620 660 3704 cognatis,
696 3618 948 3700 amicis,
986 3622 1051 3683 et
1101 3615 1543 3684 seruientibus
1575 3616 1714 3684 suis
1748 3617 1834 3683 ab
1870 3618 2121 3703 altera3
2154 3617 2330 3685 idem
2362 3617 2596 3688 Comes

339 3726 635 3796 Karulus
670 3733 774 3795 est
822 3724 1167 3793 confessus
1216 3724 1373 3791 viua
1402 3742 1583 3808 uoce,
1619 3723 1791 3809 quod
1824 3725 1982 3792 licet
2013 3732 2194 3792 mota
2233 3724 2434 3794 fuerit
2465 3746 2598 3794 ma·

336 3836 509 3902 teria
574 3832 942 3916 questionis
991 3832 1159 3901 inter
1210 3833 1394 3919 ipsos
1445 3851 1643 3921 super
1696 3838 1908 3901 morte
1958 3832 2290 3902 Dominici
2309 3883 2328 3919 ,
2370 3834 2599 3903 fratris

345 3941 638 4010 eiusdem
668 3941 926 4026 Karuli,
959 3939 1157 4008 illata
1185 3961 1305 4026 per
1326 3939 1607 4022 Petrum,
1641 3947 1708 4006 et
1739 3958 1856 4025 per
1887 3945 2141 4026 patrem
2171 3961 2358 4010 suum
2386 3942 2601 4011 Comi·

337 4058 476 4119 tem
505 4049 872 4134 Martinam,
912 4055 977 4117 et
1009 4050 1396 4133 magistrum
1423 4048 1838 4130 Zoerardum,
1874 4067 1956 4114 ac
1988 4067 2106 4134 per
2135 4048 2307 4117 alios
2361 4069 2601 4135 cogna-

345 4167 477 4245 tos,
512 4158 760 4225 amicos
792 4163 860 4228 et
879 4156 1243 4225 seruientes
1276 4154 1672 4240 eorundem3
1704 4156 1798 4224 ad
1816 4155 2112 4223 ultimum
2146 4164 2370 4226 tamen
2403 4159 2603 4228 medi-

347 4265 642 4351 antibus,
674 4266 902 4352 probis
933 4265 1115 4348 viris,
1141 4264 1454 4333 videlicet
1486 4264 1690 4332 nobili
1722 4264 1863 4332 uiro
1898 4263 2154 4333 Comite
2182 4267 2445 4336 Iruzlao
2478 4269 2605 4337 Ou-

345 4373 499 4443 riali
532 4375 782 4445 Comite
817 4373 1208 4441 Posoniensi
1227 4423 1244 4457 ,
1299 4374 1558 4443 Jacobo
1608 4373 1852 4459 Magno
1884 4380 1950 4440 et
1998 4375 2194 4442 Petro
2225 4376 2396 4442 fatre
2431 4374 2605 4465 (igy)

355 4481 649 4551 eiusdem
669 4532 686 4561 ,
718 4482 1041 4550 Faroasio
1092 4488 1160 4548 et
1197 4484 1395 4550 Petro
1445 4482 1532 4549 de
1565 4483 1795 4568 Ouga,
1828 4502 1910 4551 ac
1941 4483 2259 4552 Ladislao
2290 4484 2427 4552 filio
2460 4486 2602 4553 Ste-

360 4590 587 4675 phani,
620 4591 690 4658 in
733 4592 934 4658 talem
970 4589 1184 4674 pacis·
1210 4592 1629 4658 concordiam
1660 4592 2126 4660 deuenissent:
2177 4592 2362 4671 Quod
2394 4593 2606 4677 predi·

358 4706 502 4767 ctus
534 4700 768 4767 Petrus
800 4709 867 4766 et
897 4700 1100 4767 Petus
1149 4698 1440 4770 debeant
1486 4701 1750 4770 soluere
1778 4701 2073 4786 predicto
2128 4700 2382 4770 Karulo
2420 4719 2608 4771 sexa·
