3416 5313
1778 466 1830 478 ν
1862 362 2064 473 122ψ

1875 994 1985 1059 ¹10.

820 1215 942 1281 III.
974 1214 1193 1280 Endre
1240 1214 1451 1298 kin-azy
1498 1213 1726 1278 Peechi
1757 1213 2060 1277 Pbternek
2092 1219 2150 1276 έε
2181 1212 2577 1276 ιωιυένοίηεΙο
2615 1210 2835 1295 Budey
2883 1210 3042 1272 nevil

812 1323 1095 1404 birtokot,
1129 1330 1285 1407 mely
1317 1322 1536 1386 Moson
1583 1321 1821 1406 meqyei
1866 1320 2154 1385 vdrdnak
2170 1317 2625 1406 jobbdyyfo'lde
2674 1319 2801 1382 volt
2822 1366 2838 1391 ‚
2888 1339 3039 1379 azon

808 1428 1416 1517 vdrjobbdqyoknak‚
1467 1428 1578 1492 kik
1627 1437 1732 1491 αεὶ
1781 1428 1996 1492 birta'k
2019 1478 2034 1507 ,
2086 1426 2435 1511 kz'ltlenseqe
2471 1424 2736 1511 folytdn
2788 1422 3033 1487 adama„

1672 1555 1926 1621 προῖκα.
1961 1535 2157 1601 1295.

1047 1744 1348 1819 Andreas
1401 1747 1527 1818 Dei
1580 1749 1814 1833 gracia
1864 1749 2205 1833 Hungarie
2227 1799 2245 1832 ‚
2299 1748 2683 1831 Dalmacie‚
2739 1745 3035 1830 Groacie,
3142 1731 3145 1735 ’

807 1864 1032 1943 Rame,
1071 1857 1301 1926 Seruio
1322 1908 1338 1939 ‚
1374 1857 1656 1926 Gallicie
1677 1907 1695 1939 ‚
1730 1857 2127 1925 Lodomeric
2151 1906 2170 1941 ,
2206 1858 2561 1938 Cumanis,
2597 1857 3037 1939 Bulgarieque

806 1972 968 2047 Rex,
1004 1967 1301 2034 omnibus
1336 1966 1579 2034 Christi
1612 1964 1943 2047 fidelibus,
1980 1956 2113 2035 tam
2156 1967 2613 2052 presentibus,
2649 1984 2843 2050 quam
2878 1962 3039 2031 futu·

806 2079 896 2144 ris
928 2075 1331 2162 presencium
1367 2071 1675 2140 noticiam
1726 2073 2049 2142 habituris
2077 2125 2091 2154 ,
2146 2078 2423 2142 salutem
2460 2074 2527 2139 in
2558 2074 2843 2141 Domino
2877 2092 3038 2140 sem·

804 2189 1149 2272 piternam.
1184 2184 1288 2252 Ad
1321 2183 1771 2250 universorum
1805 2183 2120 2250 noticiam
2155 2191 2383 2250 tenore
2414 2183 2826 2270 presencium
2862 2182 3038 2247 volu-

802 2315 944 2362 mus
977 2292 1343 2382 pervenire,
1378 2292 1555 2373 quod
1581 2290 1843 2357 nobiles
1877 2291 2001 2357 viri
2021 2294 2278 2374 PetruS,
2314 2289 2668 2357 Ladislaus
2702 2297 2767 2356 et
2799 2288 3043 2358 Johan·

706 2464 711 2468 .
804 2423 921 2474 nes
953 2402 1071 2470 filii
1106 2399 1417 2466 Iwancbe
1469 2400 1550 2464 de
1601 2398 1816 2464 Peeeh
1849 2400 1937 2466 ad
1986 2407 2277 2467 nostram
2332 2399 2727 2465 accedentes
2779 2415 3042 2482 presen-

807 2510 979 2579 ciam
998 2561 1017 2595 ,
1053 2506 1406 2591 quamdam
1439 2512 1677 2571 terram
1705 2504 2142 2590 jobagionum
2196 2507 2394 2573 castri
2426 2506 2639 2574 nostri
2669 2504 3042 2573 Musunien-

806 2619 899 2686 sis
932 2616 1181 2703 Budey,
1216 2617 1546 2698 vocatam,
1581 2611 1644 2677 in
1678 2611 2013 2680 comitatu
2033 2614 2367 2683 Jauriensi
2410 2612 2823 2697 existentem,
2860 2636 2903 2682 a
2933 2632 3041 2680 no·
3098 2699 3101 2706 .

801 2728 908 2797 bis
937 2728 1064 2795 sibi
1099 2725 1245 2794 dari
1293 2723 1730 2809 postularunt.
1783 2724 2023 2791 Verum
2069 2726 2220 2808 quia
2254 2723 2338 2791 de
2387 2725 2706 2807 qualitate
2740 2731 2805 2791 et
2838 2743 3042 2809 quan-

804 2836 996 2904 titate
1032 2835 1208 2902 dicte
1241 2841 1415 2900 terre
1468 2833 1659 2899 nobis
1693 2833 1937 2899 veritas
1976 2842 2132 2900 non‘
2154 2834 2543 2918 constabat,
2594 2829 2906 2899 fidelibus
2937 2852 3043 2899 no-

805 2944 959 3013 stris
992 2942 1295 3027 Capitulo
1345 2941 1679 3007 Jauriensi
1734 2942 2028 3009 dedimus
2061 2943 2130 3009 in
2161 2942 2497 3011 mandatis
2519 2995 2536 3027 ,
2592 2952 2666 3008 ut
2696 2962 2883 3009 suum
2920 2940 3040 3008 da-

804 3039 954 3119 rent
981 3050 1419 3120 testimonium
1443 3098 1462 3133 ‚
1514 3069 1734 3118 coram
1770 3070 1901 3135 quo
1936 3050 2310 3135 Stephanus
2358 3050 2532 3119 filius
2566 3049 2817 3138 Idegen
2849 3050 3040 3142 homo

807 3165 1027 3226 noster
1060 3159 1305 3227 dictam
1334 3164 1575 3224 terram
1629 3157 2013 3225 conuocatis
2045 3160 2512 3225 commetaneis
2555 3167 2621 3225 et
2675 3158 2912 3227 vicinis
2944 3179 3038 3225 re-

806 3268 1195 3348 ambularet‚
1232 3274 1300 3333 et
1333 3271 1653 3334 statueret
1696 3264 1848 3333 filiis
1880 3266 2136 3336 Ivanka
2168 3270 2571 3354 memoratis,
2618 3267 2676 3334 si
2710 3287 2840 3333 non
2875 3267 3044 3337 foret

804 3376 1323 3463 contradictum,
1376 3373 1963 3441 contradictoribus
1994 3375 2082 3440 ad
2114 3382 2405 3443 nostram
2446 3377 2863 3463 presenciam
2897 3395 3042 3445 evo·

805 3486 991 3552 catis.
1026 3485 1301 3549 Demum
1334 3482 1506 3549 idem
1541 3481 1918 3565 Capitulum
1971 3482 2158 3553 nobis
2192 3484 2574 3569 rescripsit,
2624 3483 2802 3567 quod
2836 3485 3041 3552 homi-

805 3614 954 3660 nem
987 3611 1172 3662 suum
1193 3642 1212 3671 ,
1246 3611 1387 3660 cum
1420 3592 1759 3679 Stephano
1792 3590 2051 3658 homine
2084 3598 2311 3660 nostro
2350 3594 2647 3681 predicto
2710 3594 3043 3661 misissent

805 3720 921 3787 pro
954 3702 1327 3770 testimonio
1361 3699 1784 3784 fidedignum,
1817 3698 1903 3764 ad
1935 3700 2472 3769 reambulandam
2521 3708 2767 3771 terram
2804 3704 3042 3794 Budey

806 3817 1111 3878 vocatam
1162 3816 1613 3892 memoratam,
1670 3814 1737 3875 et
1768 3809 2186 3877 statuendam
2219 3812 2414 3876 Petro
2436 3862 2453 3893 ‚
2487 3811 2800 3879 Ladislao
2837 3818 2903 3879 et
2935 3814 3046 3881 Jo·

806 3917 1010 3985 hanni
1060 3917 1210 3983 filiis
1263 3915 1505 3983 Ivance
1556 3916 1996 4005 supradictis;
2049 3919 2160 4001 qui
2193 3918 2470 3985 eandem
2517 3926 2763 3986 terram
2813 3920 3044 4008 Budey

810 4026 899 4093 ad
928 4028 1155 4094 decem
1188 4032 1412 4093 aratra
1449 4025 1880 4093 sufficientem
1890 4076 1909 4113 ‚
1942 4027 2133 4093 simul
2166 4047 2309 4094 cum
2342 4027 2649 4114 virgulto,
2687 4029 2864 4097 sieut
2897 4030 3044 4096 visu

810 4134 1225 4202 considerare
1258 4140 1646 4221 potuerunt,
1681 4153 1981 4220 vacuam,
2019 4143 2082 4200 et
2114 4134 2592 4206 habitatoribus
2633 4137 3043 4221 destitutam,

809 4242 931 4312 sub
965 4243 1156 4309 metis
1191 4243 1475 4326 antiquis
1511 4247 1576 4307 et
1595 4243 1914 4327 terminis,
1947 4245 2326 4313 convocatis
2349 4246 2644 4312 omnibus
2679 4246 2944 4330 uicinis,
2980 4254 3044 4314 et

810 4351 1281 4420 commetaneis
1313 4351 1608 4420 eiusdem
1661 4358 1834 4416 terre
1857 4399 1876 4434 ,
1928 4350 2316 4421 statuissent
2346 4354 2581 4440 Petro,
2613 4355 2945 4424 Ladislao
2979 4365 3045 4424 et

804 4459 1093 4530 Johanni
1124 4457 1275 4526 filiis
1309 4458 1552 4526 Iuance
1574 4507 1592 4537 ,
1625 4477 1706 4525 ac
1741 4455 1894 4526 filiis
1926 4456 2227 4527 Aladarii
2258 4461 2436 4529 nullo
2475 4461 2745 4548 penitus
2779 4471 3038 4534 contra·

807 4569 1057 4637 dictore
1093 4568 1438 4636 existente.
1472 4567 1610 4633 Nos
1641 4566 1867 4649 itaque
1888 4567 2319 4636 consideratis
2351 4566 2782 4640 fidelitatibus
2805 4579 2874 4639 et
2907 4590 3041 4639 ser-

810 4678 1125 4747 viciorum
1179 4675 1429 4742 meritis
1482 4674 1922 4768 predictorum
1973 4673 2151 4743 Petri
2171 4729 2190 4763 ,
2251 4677 2548 4745 Ladislai
2597 4687 2662 4746 et
2712 4679 2755 4746 J
2757 4680 3041 4746 ohannis
