3416 5313
1419 399 1551 467 233

1341 498 1654 509 m———o

1424 1066 1569 1131 152.

367 1264 430 1328 A
462 1287 547 1328 ez.
583 1266 801 1352 qued
831 1266 1109 1350 somoyyi
1139 1265 1463 1351 konventje
1496 1265 1711 1328 Petere
1742 1265 2019 1348 somoyyi
2050 1261 2335 1347 alispdnt
2366 1265 2428 1327 6⁸
2457 1266 2614 1349 πόρῃ

360 1373 558 1438 biv-dit
608 1373 913 1459 tuddaitja
933 1426 951 1459 ‚
1004 1373 1167 1458 hoyy
1218 1369 1498 1458 Mihdlyt
1545 1371 1865 1437 Devecher
1879 1370 2008 1455 ficit
2025 1419 2044 1450 ,
2079 1370 2324 1453 Ldszld,
2360 1370 2610 1437 Ivdnka

364 1479 606 1559 fidnak,
638 1484 1006 1548 marasztalt
1038 1482 1366 1567 tolvajnak
1400 1481 1626 1547 Oberth
1658 1479 2006 1566 helysaqdbe
2036 1479 2338 1564 beiqtatta
2365 1499 2398 1543 a
2429 1502 2508 1544 az
2535 1478 2611 1543 il-

742 1591 864 1655 letb'
879 1589 1122 1674 feleket
1154 1589 1482 1676 t’o‘rvc'nybe
1513 1590 1727 1654 iddzte.
1759 1589 1956 1653 1299.
1974 1586 2107 1672 jul.
2141 1588 2247 1651 24.

583 1787 759 1855 Viris
793 1787 1120 1857 nobilibus
1144 1786 1380 1855 Comiti
1402 1786 1593 1854 Petro
1613 1782 2008 1872 Vice-judici
2029 1783 2332 1870 magistri
2352 1784 2618 1852 Iwance

364 1894 641 1965 Comitis
673 1896 1131 1985 Symigiensis,
1167 1903 1232 1966 et
1265 1904 1543 1981 quatuor
1572 1893 1915 1963 Judicibus
1953 1892 2288 1962 Nobilium
2320 1893 2619 1961 eiusdem

366 2003 767 2089 Comitatus,
803 2007 1181 2075 conuentus
1214 2007 1597 2092 Monasterij
1641 2003 1872 2071 Sancti
1922 2002 2143 2089 Egidij
2197 1999 2281 2068 de
2312 2002 2616 2090 Symigio

365 2111 657 2181 debitum
692 2112 995 2182 amicicie
1030 2120 1097 2182 et
1128 2113 1417 2180 honoris.
1452 2111 1745 2180 Litteras
1778 2115 2002 2178 uestre
2033 2107 2402 2177 nobilitatis
2437 2128 2617 2177 rece·

366 2221 586 2305 pimus
635 2223 1083 2303 continentes,
1137 2219 1310 2305 quod
1343 2222 1631 2289 Michael
1680 2217 1855 2287 filius
1889 2217 2237 2286 Deuecher
2287 2216 2617 2284 exhibuis-

366 2334 470 2395 set
501 2329 692 2397 uobis
743 2329 1005 2395 litteras
1057 2335 1316 2396 uestras
1339 2378 1354 2406 ,
1405 2329 1472 2394 in
1505 2328 1741 2410 quibus
1794 2324 2174 2414 reperistis,
2227 2324 2618 2395 Ladizlaum

368 2437 569 2503 filium
613 2438 894 2505 I-wanka
946 2437 1030 2504 de
1082 2435 1333 2506 Oberth
1383 2435 1453 2501 in
1495 2435 1666 2502 furto
1717 2453 1867 2503 esse
1920 2433 2333 2514 conuictum,
2387 2442 2619 2502 contra

366 2545 583 2629 ipsum
619 2544 1005 2611 Michaelem
1031 2598 1050 2630 ‚
1086 2550 1153 2613 et
1185 2546 1250 2611 in
1282 2541 1560 2627 judicijs
1600 2549 2042 2628 aggrauatum
2066 2593 2083 2626 ,
2133 2542 2546 2628 requirentes
2578 2564 2621 2610 a

367 2652 603 2737 nobis,
659 2656 730 2718 ut
762 2673 905 2720 cum
940 2651 1219 2721 Nicolao
1272 2651 1406 2719 filio
1438 2650 1695 2720 Pethke
1727 2650 1992 2720 homine
2044 2656 2269 2720 uestro
2324 2656 2620 2718 nostrum

369 2760 785 2828 mitteremus
819 2760 1149 2827 homiuem
1183 2779 1301 2843 pro
1335 2756 1713 2827 testimonio
1733 2808 1751 2843 ,
1803 2778 2022 2825 coram
2056 2779 2182 2844 quo
2216 2759 2392 2826 idem
2423 2761 2620 2826 homo

369 2874 619 2955 uester,
656 2869 938 2937 eundem
970 2868 1357 2937 Michaelem
1392 2866 1599 2936 filium
1631 2865 1978 2936 Deuecher
1997 2918 2015 2952 ,
2066 2868 2517 2937 introduceret
2548 2868 2619 2934 in

367 2979 864 3063 possessionem
916 2976 1216 3043 eiusdem
1251 2975 1570 3061 Ladizlai‚
1606 2972 1861 3043 Oberth
1897 2975 2264 3063 predictam
2288 3025 2305 3059 ,
2357 2998 2618 3046 mansu-

368 3106 482 3154 rus
515 3087 578 3151 in
617 3085 851 3152 eadem
905 3104 1114 3167 usque
1147 3084 1440 3168 quintum
1494 3082 1817 3153 decimum
1850 3084 2021 3151 diem
2075 3085 2329 3170 absque
2367 3086 2620 3153 lesione

369 3192 822 3279 possessionis
854 3200 1251 3279 memorate;
1287 3191 1535 3260 diceret
1567 3192 1779 3260 eciam
1813 3191 2028 3261 eidem
2060 3192 2373 3261 Ladizlao
2396 3243 2414 3279 ‚
2450 3201 2519 3260 ut
2551 3194 2617 3259 in

372 3302 523 3386 ipso
555 3303 780 3386 quinto
803 3300 1062 3368 decimo
1091 3299 1200 3366 die
1244 3309 1632 3386 conpareret
1652 3301 2108 3385 personaliter,
2142 3300 2226 3367 de
2247 3302 2423 3367 facto
2446 3302 2620 3386 prin-

372 3409 575 3495 cipali
625 3414 692 3475 et
724 3408 807 3473 de
829 3406 1105 3494 Judicijs
1158 3405 1350 3476 uobis
1398 3413 1470 3473 ut
1492 3405 1727 3495 judicy
1766 3415 1832 3478 et
1881 3411 2058 3496 parti
2092 3406 2374 3476 aduerse
2425 3410 2617 3479 satis·

370 3515 644 3599 faceret,
677 3516 912 3584 citaret
946 3516 1154 3582 eciam
1173 3514 1429 3583 vicinos
1452 3524 1519 3583 et
1550 3524 2035 3584 commetaneos
2057 3516 2348 3585 eiusdem
2381 3517 2622 3587 Ladiz·

369 3628 502 3707 lai,
555 3623 643 3691 ad
692 3622 1102 3692 resciendum
1153 3622 1256 3707 id,
1310 3623 1367 3690 si
1417 3623 1904 3711 possessionem
1954 3625 2248 3692 eiusdem
2299 3624 2620 3693 redimere

371 3734 701 3800 noluerint
732 3751 858 3801 nec
890 3753 993 3818 ne,
1030 3733 1121 3799 ad
1152 3738 1441 3798 uestram
1477 3734 1916 3820 presenciam,
1950 3733 2040 3800 ad
2080 3733 2430 3802 terminum
2464 3756 2616 3805 con·

370 3848 724 3927 petentem.
777 3841 919 3908 Nos
952 3860 1113 3909 uero
1164 3839 1606 3926 peticionibus
1639 3842 1880 3908 uestris
1933 3841 2326 3911 satisfacere
2357 3842 2622 3929 cupien-

369 3957 494 4033 tes,
526 3955 597 4015 ut
630 3948 966 4034 debemuS,
1001 3968 1150 4015 cum
1182 3946 1482 4032 predicto
1522 3948 1789 4017 homine
1821 3956 2039 4016 uestro
2078 3968 2277 4016 unum
2310 3969 2394 4017 ex
2427 3951 2619 4021 nobis

373 4057 668 4125 misimus
700 4078 819 4144 pro
852 4057 1252 4142 testimonio,
1305 4058 1412 4140 qui
1445 4060 1861 4142 postmodum
1895 4080 2025 4127 una
2060 4078 2203 4124 cum
2238 4058 2472 4126 eodem
2505 4059 2618 4128 bo-

373 4165 553 4231 mine
585 4171 806 4233 uestro
841 4164 927 4233 ad
978 4186 1099 4234 nos
1133 4167 1395 4234 rediens
1430 4166 1635 4252 dixit,
1689 4168 1866 4251 quod
1897 4165 2071 4234 idem
2104 4166 2169 4234 in
2202 4169 2307 4235 sui
2356 4187 2621 4253 presen-

372 4276 480 4340 cia
511 4274 873 4360 predictum
925 4275 1319 4342 Michaelem
1371 4276 1578 4345 filium
1608 4278 1958 4355 Deuecher
2004 4277 2073 4343 in
2107 4279 2280 4347 festo
2314 4279 2623 4347 Transla-

372 4383 583 4449 cionis
634 4383 829 4450 Beati
861 4384 1205 4452 Benedicti
1257 4383 1673 4453 Confessoris
1728 4386 2202 4456 introduxisset
2249 4387 2318 4456 in
2365 4405 2621 4475 posses-

370 4491 623 4558 sionem
659 4488 959 4560 Ladizlai
994 4490 1113 4577 filij
1148 4493 1443 4576 Iwanka,
1478 4492 1730 4563 Oberth
1760 4495 2146 4582 predictam,
2178 4495 2621 4564 mansissent-

370 4618 497 4681 que
530 4598 599 4666 in
633 4599 867 4666 eadem
902 4621 943 4664 a
977 4601 1086 4668 die
1138 4602 1670 4687 introduecionis,
1719 4622 1926 4687 usque
1959 4606 2258 4687 quintum
2290 4605 2615 4672 decimum

370 4705 545 4774 diem
578 4708 831 4792 absque
863 4710 1116 4778 lesione
1165 4711 1496 4797 eiusdem3
1547 4711 1867 4782 dixissent
1897 4717 2107 4781 eciam
2158 4713 2350 4790 fratri
2381 4714 2593 4807 ipsius
