3416 5313
852 625 1368 692 conversationis
1421 622 1721 691 effectum
1771 646 2084 694 revocare
2123 625 2549 703 desiderans,
2603 625 2726 693 sibi
2774 633 3085 711 paternas

852 742 917 801 et
949 733 1300 802 affectione
1332 736 1569 820 plenas
1605 755 1763 803 suas
1797 737 2054 803 litteras
2089 737 2470 820 destinavit,
2519 757 2662 803 eum
2697 735 2783 802 ad
2813 736 2939 801 hoc
2969 756 3087 822 per

848 863 918 910 se
951 864 1030 909 ac
1062 843 1230 909 alios
1263 843 1462 907 etiam
1514 844 1917 911 salutaribus
1968 846 2234 913 monitis
2268 853 2333 913 et
2367 845 2637 911 attentis
2691 846 3085 914 exhortatio·

848 953 1037 1020 nibus
1093 950 1499 1034 inducendo,
1551 959 1624 1019 ut
1653 975 1694 1019 a
1730 955 2153 1020 Tartarorum
2205 959 2270 1019 et
2318 954 2596 1022 aliorum
2646 954 3085 1038 predictorum

849 1061 1222 1146 dampnatis
1253 1061 1584 1128 erroribus
1635 1063 1898 1145 penitus
1950 1062 2286 1128 resiliret:
2339 1069 2409 1128 at
2458 1062 2635 1129 idem
2683 1063 2826 1127 Rex
2860 1066 3089 1144 utpote

846 1170 913 1234 in
947 1189 1209 1236 sensum
1240 1170 1583 1256 reprobum
1617 1170 1879 1239 deditus
1901 1220 1921 1249 ,
1955 1191 2072 1257 per
2105 1171 2391 1258 abrupta
2421 1169 2863 1238 indevotionis
2898 1168 3084 1234 ober-

844 1297 1026 1359 rans,
1061 1282 1129 1343 et
1160 1277 1248 1343 ad
1278 1277 1727 1345 inobedientia
1779 1278 2174 1345 detestande
2209 1279 2520 1345 duritiam
2567 1298 2639 1345 se
2673 1283 3088 1359 convertens,

848 1385 1220 1452 huiusmodi
1250 1384 1514 1452 monitis
1545 1394 1609 1452 et
1642 1385 2242 1469 exhortationibus,
2279 1410 2444 1473 quas
2476 1390 2572 1473 pii
2602 1388 2814 1474 patris
2846 1386 3084 1473 produ-

848 1495 1041 1561 cebat
1069 1491 1346 1561 affectus
1369 1543 1385 1569 ‚
1419 1514 1651 1579 parere
1684 1495 2044 1575 humiliter,
2080 1503 2274 1581 prout
2305 1498 2500 1563 nobis
2546 1496 2851 1564 clamoris
2883 1492 3093 1562 validi

845 1604 1097 1695 pridem
1131 1603 1449 1669 revelavit
1482 1604 1765 1669 assertio
1788 1655 1806 1688 ,
1841 1623 1966 1670 non
2000 1606 2268 1672 curavit.
2319 1604 2477 1672 Cum
2512 1614 2730 1672 autem
2764 1603 2847 1671 de
2882 1604 3091 1691 ipsius

844 1713 1057 1799 Regni
1089 1717 1155 1777 et
1188 1712 1550 1779 incolarum
1582 1712 1724 1779 eius
1759 1718 1935 1778 statu
1970 1713 2252 1779 sollicite
2286 1714 2682 1798 cogitantes,
2730 1719 2795 1778 te
2828 1714 2918 1780 ad
2947 1732 3090 1796 pre-

842 1822 1046 1888 fatum
1076 1821 1371 1903 Regnum
1398 1868 1417 1902 ,
1470 1819 1824 1888 commisso
1876 1821 1998 1887 tibi
2032 1820 2098 1886 in
2136 1841 2215 1887 eo
2249 1841 2330 1888 ac
2371 1821 2520 1885 aliis
2571 1821 2908 1889 nonnullis
2947 1841 3091 1904 pro-

844 1930 1081 1999 vinciis
1113 1931 1307 2018 plene
1338 1928 1691 2014 legationis
1727 1927 1941 1995 officio
1962 1977 1982 2011 ,
2034 1929 2442 1997 destinemus
2467 1978 2485 2011 ,
2539 1929 2836 1995 volumus
2876 1936 2942 1994 et
2973 1949 3094 2013 per

844 2040 1233 2125 Apostolica
1263 2037 1510 2123 scripta
1541 2038 1660 2104 tibi
1694 2038 1996 2105 districte
2028 2038 2450 2124 precipiendo
2492 2040 2899 2122 mandamus,
2935 2058 3090 2122 qua-

845 2156 1037 2217 tenus
1107 2150 1385 2216 solerter
1454 2148 1807 2216 attendens
1861 2154 1926 2214 et
1987 2148 2339 2231 diligenter
2391 2148 2823 2217 considerans
2845 2198 2863 2231 ,
2918 2147 3091 2233 quod
3165 2166 3174 2179 .

849 2258 1231 2341 Apostolica
1280 2256 1487 2323 Sedes
1539 2254 1911 2324 huiusmodi
1961 2257 2298 2343 negotium
2349 2276 2432 2321 ex
2465 2258 2663 2323 certis
2717 2257 3091 2325 considera-

847 2365 1129 2433 tionibus
1163 2361 1543 2449 specialiter
1578 2364 1758 2430 cordi
1792 2365 1980 2450 gerit,
2020 2384 2164 2430 cum
2199 2371 2264 2430 te
2297 2367 2386 2431 ad
2418 2372 2644 2450 partes
2677 2364 2833 2431 illas
2865 2384 3092 2450 perve-

848 2474 988 2541 nire
1021 2472 1387 2557 contigerit,
1418 2491 1538 2557 per
1570 2480 1634 2538 te
1653 2475 1761 2541 vel
1797 2473 1992 2538 alium
2026 2494 2144 2541 seu
2164 2475 2354 2556 alios,
2389 2475 2470 2540 de
2504 2474 2741 2556 quibus
2779 2474 3092 2559 expedire

847 2583 1208 2672 putaveris,
1246 2579 1548 2648 sollerter
1570 2581 1894 2667 indagare
1926 2601 2235 2667 procures
2272 2590 2337 2649 et
2376 2582 2700 2667 inquirere
2721 2582 3092 2669 diligenter,

847 2699 1053 2759 utrum
1108 2692 1400 2777 prefatus
1450 2692 1632 2774 Rex,
1683 2691 1833 2756 dum
1868 2691 2081 2758 adhuc
2113 2692 2406 2771 viveret,
2458 2694 2545 2759 ad
2598 2712 2711 2758 cor
2761 2712 3084 2774 reuersus,

850 2801 1077 2868 mortis
1110 2819 1222 2868 sue
1255 2806 1550 2885 tempore
1580 2800 1778 2867 fidem
1807 2805 2061 2868 teneret
2095 2800 2482 2866 catholicam
2517 2807 2585 2867 et
2624 2807 2960 2888 servaret,
2995 2801 3091 2869 di-

849 2911 1065 2977 missis
1100 2911 1426 2977 erroribus
1461 2917 1524 2976 et
1556 2910 1757 2975 sectis
1804 2910 2169 2977 infidelium
2203 2909 2552 2996 abnegatis
2579 2961 2594 2993 ,
2647 2911 2731 2977 ad
2764 2930 2926 2992 quos
2976 2930 3092 2979 seu

848 3038 1120 3102 quarum
1154 3016 1645 3088 observantiam
1679 3018 2061 3101 dicebatur,
2114 3019 2265 3084 dum
2298 3019 2566 3094 viveret,
2605 3021 2948 3085 transitum
2980 3020 3091 3086 ha-

849 3131 1115 3197 buisse:
1149 3145 1460 3212 procures
1483 3126 1684 3192 etiam
1710 3125 2165 3192 certitudinem
2191 3127 2440 3193 habere
2461 3126 2848 3213 plenariam,
2879 3133 3090 3194 utrum

846 3240 986 3303 Rex
1038 3236 1182 3322 ipse
1234 3234 1595 3302 decesserit
1643 3242 1974 3317 tamquam
2027 3234 2405 3302 catholicus
2458 3235 2911 3320 Christianus,
2965 3258 3094 3304 non

847 3344 1172 3412 hereticus
1195 3395 1213 3430 ,
1267 3363 1391 3411 nec
1441 3342 1900 3424 scismaticus,
1951 3361 2164 3425 neque
2197 3361 2239 3406 a
2276 3341 2406 3408 fide
2437 3339 2816 3408 exorbitans
2867 3357 3110 3428 supra-‘

847 3454 1067 3538 dicta3
1117 3452 1359 3535 quidve
1392 3470 1592 3534 super
1624 3449 1752 3518 hiis
1787 3449 2039 3527 sciunt,
2075 3448 2352 3516 credunt
2382 3456 2445 3516 et
2484 3456 2710 3517 tenent
2744 3448 2998 3517 Prelati
3029 3462 3093 3518 et

799 3585 804 3598 ’
852 3564 1165 3649 religiosi,
1195 3563 1549 3645 Magnates
1583 3564 1648 3626 et
1680 3557 1893 3625 clerus
1927 3577 2007 3624 ac
2038 3561 2319 3645 populus
2341 3560 2506 3627 dicti
2536 3560 2787 3643 Regni3
2825 3567 2892 3626 et
2914 3561 3090 3644 quod

850 3691 1050 3758 super
1079 3669 1419 3757 premissis
1455 3677 1522 3736 et
1554 3689 1775 3737 eorum
1826 3668 2099 3754 singulis
2132 3675 2266 3736 tam
2314 3672 2392 3736 de
2424 3667 2597 3735 fama
2629 3690 2825 3752 quam
2860 3670 2942 3737 de
2974 3689 3091 3736 ve·

844 3784 1041 3848 ritate
1076 3778 1424 3864 contigerit
1473 3778 1797 3862 inveniri,
1849 3786 1915 3844 et
1948 3778 2120 3861 quod
2153 3780 2353 3846 etiam
2388 3779 2472 3844 de
2505 3777 2823 3863 predictis
2874 3782 2941 3843 in
2972 3780 3093 3846 Re-

846 3910 975 3973 gno
1011 3893 1267 3955 tenetur
1299 3889 1567 3970 eodem,
1618 3888 1905 3957 maxime
1938 3907 1980 3952 a
2010 3888 2296 3954 Prelatis
2348 3895 2414 3954 et
2444 3887 2782 3969 religiosis
2817 3888 3089 3973 eisdem,

845 3999 1035 4065 nobis
1067 3999 1282 4084 plene,
1317 3996 1634 4078 seriatim,
1670 3997 1985 4064 distincte
2020 4016 2101 4062 ac
2132 3997 2347 4063 lucide
2386 3996 2772 4079 quantocius
2793 4017 2912 4083 per
2943 4017 3088 4082 pro-

843 4109 1054 4196 prium
1078 4107 1368 4174 nuntium
1388 4105 1661 4174 studeas
1696 4107 2024 4173 intimare.
2050 4105 2297 4174 Datum
2318 4103 2489 4191 apud
2513 4103 3085 4175 Urbem-Veterem

838 4218 1068 4286 Idibus
1100 4218 1533 4304 Septembris.
1568 4216 1999 4283 Pontificatus
2030 4216 2232 4284 nostri
2265 4235 2440 4285 anno
2473 4215 2690 4284 tertio.

1021 4413 1142 4487 (IV.
1169 4414 1388 4473 Miklos
1412 4413 1572 4488 papa
1596 4414 1762 4486 Rege
1774 4411 2002 4483 staibol,
2031 4409 2288 4470 Theiner
2314 4412 2394 4467 id.
2420 4430 2493 4469 m.
2520 4411 2566 4468 Ι.
2589 4412 2646 4470 k.
2673 4410 2798 4470 869.
2825 4411 2897 4479 1.)
