3416 5313
1384 414 1512 484 113

336 613 403 675 et
428 609 690 677 nomine
721 610 879 677 dicti
914 610 1162 677 domini
1213 612 1416 679 Ducis
1449 613 1903 696 Veneciarum,
1946 613 2318 682 Communis
2351 623 2415 682 et
2445 614 2569 683 ho-

336 717 583 783 minum
622 718 1051 785 Veneciarum
1069 771 1087 805 ,
1141 724 1215 784 ut
1265 738 1469 805 supra
1517 719 1835 805 scriptum
1885 731 2004 804 est,
2057 741 2131 788 se
2165 723 2453 792 facturos
2505 730 2572 788 et

337 834 675 895 curaturos
726 826 900 894 omni
949 830 1348 915 excepcione
1400 836 1465 896 et
1496 830 1846 898 occasione
1901 832 2187 914 remotis,
2221 834 2397 916 quod
2428 850 2572 921 pre-

337 932 554 1003 dictus
586 938 818 1005 Comes
850 934 1178 1023 Georgius
1211 944 1345 1004 tam
1377 957 1498 1005 suo
1529 939 1790 1006 nomine
1831 945 1896 1004 et
1925 959 2188 1007 suorum
2221 939 2572 1025 hominum,

338 1062 539 1127 quam
590 1044 959 1113 Communis
1010 1050 1078 1111 et
1107 1043 1431 1113 hominum
1485 1046 1746 1115 Almisii
1766 1099 1784 1132 ,
1837 1052 1908 1112 ut
1957 1049 2398 1136 supradictum
2451 1057 2573 1136 est,

339 1152 529 1220 firma
561 1160 626 1220 et
655 1162 804 1222 rata
835 1152 1122 1238 habebit,
1156 1162 1223 1220 et
1252 1154 1540 1237 tenebit,
1575 1164 1640 1222 et
1671 1156 2065 1239 observabit,
2101 1164 2166 1222 et
2194 1157 2577 1244 adimplebit

339 1261 560 1328 omnia
590 1267 656 1329 et
705 1263 966 1347 singula
1017 1264 1506 1351 suprascripta,
1560 1270 1625 1330 et
1656 1265 1998 1347 quodlibet
2029 1284 2249 1333 eorum
2274 1315 2291 1347 ,
2344 1278 2575 1357 ctpnon

336 1370 766 1441 contrafaciet
797 1372 904 1438 vel
937 1373 1156 1439 veniet
1206 1371 1431 1455 aliqua
1462 1372 1748 1455 racione,
1784 1374 2048 1459 ingenio
2082 1374 2220 1442 sive
2259 1395 2462 1444 causa
2495 1373 2590 1465 de

201 1536 216 1553 .
326 1480 481 1564 J'ure
513 1482 618 1548 vel
650 1480 733 1547 de
761 1482 936 1548 facto
959 1533 977 1566 ,
1033 1481 1157 1546 sub
1195 1482 1385 1565 penis
1418 1480 1735 1566 predictis
1782 1502 1899 1566 per
1936 1501 2048 1548 eos
2076 1483 2184 1547 vel
2220 1482 2576 1564 quemlibet

337 1606 561 1657 eorum
593 1588 924 1675 expressis
958 1589 1228 1656 solemni
1250 1589 1686 1674 stipulacione
1711 1592 2044 1673 promissa
2064 1596 2130 1657 et
2163 1591 2576 1677 obligacione

338 1698 625 1765 omnium
657 1700 971 1767 bonorum
1022 1717 1283 1765 suorum
1315 1706 1381 1765 et
1410 1698 1766 1782 cujuslibet
1798 1716 2039 1779 eorum,
2078 1718 2196 1783 pro
2241 1700 2578 1782 quantita-

338 1806 512 1874 tibus
546 1808 958 1895 supradictis,
991 1806 1326 1874 mobilium
1361 1815 1425 1872 et
1457 1805 1898 1889 immobilium,
1946 1806 2353 1893 presencium
2389 1814 2455 1874 et
2485 1807 2576 1873 fu-

342 1922 651 1984 turorum.
704 1916 871 1982 Acta
901 1923 966 1982 et
997 1915 1255 1982 firmata
1303 1915 1563 1982 fuerunt
1614 1914 1915 1999 predicta
1969 1915 2190 1982 omnia
2224 1923 2288 1981 et
2318 1897 2598 2002 singula

341 2022 430 2090 ad
456 2021 762 2093 Obroium
819 2024 1040 2093 villam
1074 2025 1314 2093 Sancte
1367 2024 1576 2090 Marie
1610 2023 1987 2090 monialium
2024 2024 2107 2089 de
2158 2024 2357 2091 Iadra
2387 2027 2454 2092 in
2488 2028 2577 2091 lo·

338 2131 452 2215 gia
502 2130 676 2200 dicte
731 2133 921 2215 ville,
957 2133 1367 2218 presentibus
1421 2131 1748 2200 nobilibus
1782 2131 1942 2199 viris
1976 2132 2258 2200 dominis
2307 2132 2462 2199 Vita
2493 2135 2577 2201 de

342 2238 572 2325 Cerne,
607 2247 672 2307 et
701 2239 955 2324 Mergia
1005 2239 1324 2306 Michaele
1357 2239 1440 2306 de
1476 2240 1817 2322 Vaticasa„
1855 2246 1917 2304 et
1948 2241 2201 2308 Jacobo
2235 2240 2317 2306 de
2348 2240 2583 2308 Zadol-

339 2346 514 2432 linis,
549 2368 628 2415 ac
664 2350 944 2418 dominis
992 2348 1276 2433 Rogerio
1328 2346 1409 2414 de
1464 2349 1844 2417 Lourechen
1868 2395 1884 2428 ‚
1940 2349 2214 2416 Volzina
2258 2348 2341 2419 de
2373 2350 2582 2417 Mata-

342 2458 529 2541 farto‚
562 2459 781 2528 Micha
812 2459 1106 2538 Picari0,
1160 2458 1481 2544 Gregorio
1514 2457 1686 2524 dicto
1722 2460 1968 2526 Gresco
2007 2458 2090 2523 de
2123 2459 2372 2526 Botone
2426 2461 2584 2527 civi·

341 2567 464 2634 bus
495 2569 925 2637 Jadrensibus
977 2576 1042 2637 et
1073 2568 1222 2636 aliis
1273 2570 1575 2655 pluribus
1623 2569 1902 2635 testibus
1954 2568 2041 2634 ad
2077 2568 2197 2634 hec
2236 2571 2488 2638 vocatis
2520 2575 2587 2636 et

343 2677 616 2763 rogatis.

1523 2785 1664 2869 Ego
1717 2784 2044 2853 Antonius
2094 2785 2427 2870 quondam
2460 2787 2586 2855 Ro·

1408 2891 1692 2961 landuzii
1724 2895 1808 2961 de
1833 2895 2134 2961 Bononia
2150 2897 2484 2982 Imperiali
2522 2902 2589 2962 et

1417 3001 1815 3069 Prefectoria
1859 3004 2255 3071 auctoritate
2282 3004 2488 3070 Iudex
2519 3011 2587 3071 et

1412 3112 1732 3179 Notarius
1783 3112 2097 3197 predictis
2149 3112 2448 3179 omnibus
2479 3114 2584 3180 in-

1411 3220 1605 3286 terfui
1655 3226 1723 3286 et
1773 3228 1844 3287 ut
1873 3239 2079 3307 supra
2115 3219 2357 3307 legitur
2403 3240 2589 3306 roga·

1410 3334 1514 3394 tus
1545 3329 1810 3413 publice
1845 3328 2098 3413 scripsi.

437 3538 516 3610 (A
544 3539 758 3610 „Liber
782 3536 1120 3596 Paetorum“
1145 3538 1321 3594 eximii
1350 3541 1644 3597 velenezei
1670 3541 2047 3613 allamkdnyv
2072 3543 2170 3599 111.
2199 3540 2499 3599 kb’tetebiss

1382 3632 1467 3689 66.
1493 3632 1554 3703 1.)
2279 3631 2284 3634 ’

465 4864 669 4910 nortun.
690 4862 1222 4912 nuno.ms‘r.-=—n1t·1„.
1245 4863 1313 4910 10.
2231 4854 2273 4921 8
