3416 5313
1861 432 1986 501 192

797 654 1016 701 sarum
1036 631 1464 701 festivitatum
1484 630 1857 699 immediate
1890 635 2259 716 sequentes,
2286 651 2405 699 nec
2429 650 2554 698 non
2588 630 2656 696 in
2678 629 3030 698 Beatorum

797 740 1136 810 Michaelis
1167 739 1607 825 Archangeli,
1659 738 1991 825 Laurentij
2032 743 2099 805 et
2130 738 2305 804 Petri
2338 736 2421 805 de
2454 737 2682 806 ordine
2716 739 3032 808 Predica-

796 860 1005 919 torum
1045 857 1417 937 martyrum,
1450 848 1714 917 Nicolai
1749 857 1814 915 et
1853 848 2117 917 Martini
2150 848 2617 935 confessorum,
2640 851 3034 933 Margarete,

799 960 1106 1029 Caterine
1124 1011 1142 1044 ,
1193 967 1258 1027 et
1306 960 1512 1026 Marie
1563 957 1960 1045 Magdalene
1981 1008 1997 1035 ,
2029 958 2524 1043 festivitatibus,
2571 961 2735 1026 etin
2769 957 3034 1027 dedica·

797 1069 975 1137 tione
997 1068 1293 1136 Ecclesie
1311 1067 1688 1153 supradicte
1723 1085 1926 1135 causa
1950 1065 2321 1134 devotionis
2354 1073 2421 1133 et
2452 1067 2766 1134 orationis
2800 1087 3031 1136 acces-

798 1177 1021 1256 serint,
1055 1185 1119 1245 et
1152 1176 1396 1245 ibidem
1444 1175 1710 1243 missam
1751 1174 2099 1261 audierint,
2132 1176 2238 1241 vel
2272 1195 2389 1259 pro
2422 1194 2590 1260 pace
2623 1176 3037 1245 Universalis

797 1285 1089 1353 Ecclesie
1145 1287 1474 1354 oraverint
1524 1293 1739 1353 mente
1772 1284 1905 1370 pia,
1940 1291 2054 1351 aut
2083 1304 2202 1369 pro
2244 1284 2788 1371 reparationibus,
2822 1305 3039 1353 emen-

798 1392 1194 1478 dationibus,
1246 1396 1606 1474 structuris,
1661 1394 2109 1480 laminaribus,
2148 1393 2373 1477 calice,
2419 1395 2837 1479 ornamentis,
2871 1402 3038 1462 stru-

798 1503 1019 1589 cturis,
1074 1501 1523 1585 vestimentis,
1575 1501 1780 1586 libris,
1837 1503 2176 1588 campanis
2209 1503 2315 1571 vel
2349 1502 2503 1588 alijs
2535 1503 3034 1587 quibuscunque

797 1611 967 1678 dicte
998 1610 1293 1679 Ecclesie
1345 1610 1743 1697 necessarijs
1795 1631 2027 1679 manus
2056 1611 2466 1696 porrexerint
2515 1607 2893 1695 adiutrices,
2926 1611 3037 1679 vel

799 1720 912 1805 qui
963 1721 1029 1788 in
1080 1721 1251 1789 bona
1305 1721 1407 1786 sui
1469 1720 1758 1807 corporis
1812 1720 2099 1787 sanitate
2122 1771 2140 1803 ,
2192 1739 2307 1787 seu
2358 1718 2556 1786 etiam
2608 1722 2671 1784 in
2724 1719 3037 1787 extremis

797 1831 1184 1899 laborantes
1235 1829 1583 1912 quicquam
1626 1828 2008 1896 facultatum
2043 1847 2307 1894 suarum
2346 1827 2714 1914 legaverint
2745 1825 2936 1894 modo
2970 1826 3039 1892 li·

798 1940 929 2008 cito
962 1939 1255 2006 Ecclesie
1307 1938 1679 2025 supradicte
1704 1991 1723 2024 ,
1775 1938 1857 2004 de
1909 1938 2388 2024 omnipotentis
2419 1937 2545 2005 Dei
2584 1935 3041 2005 misericordia

797 2056 865 2115 et
893 2050 1244 2117 Beatorum
1277 2050 1456 2116 Petri
1478 2058 1542 2115 et
1575 2050 1765 2116 Pauli
1797 2049 2259 2134 Apostolorum
2293 2048 2434 2114 eius
2467 2047 2863 2116 auctoritate
2885 2066 3036 2113 con·

797 2158 919 2238 fisi,
953 2158 1198 2240 singuli
1237 2166 1531 2226 nostrum
1585 2158 1882 2242 singulas
1915 2158 2164 2225 dierum
2218 2156 2683 2242 quadragenas
2717 2154 2800 2221 de
2832 2155 3037 2225 iniun-

798 2268 920 2335 ctis
941 2267 1067 2333 sibi
1084 2267 1401 2352 penitenti
1401 2267 1470 2352 js
1491 2265 2003 2333 misericorditer
2036 2265 2104 2330 in
2133 2268 2418 2335 Domino
2441 2266 2836 2349 relaxamuS,
2860 2264 3040 2332 dum«

797 2374 989 2442 modo
1019 2373 1375 2443 Diocesani
1427 2374 1737 2443 uoluntas
1770 2375 1860 2442 ad
1894 2374 1962 2442 id
1992 2371 2406 2460 accesse(rit)
2442 2381 2925 2450 et·consensus,
2962 2374 3040 2440 In

799 2481 982 2549 cuius
1030 2483 1128 2549 rei
1175 2482 1611 2550 testimonium
1664 2483 2075 2568 presentibus
2126 2490 2357 2550 nostra
2404 2482 2626 2567 sigilla
2675 2477 3037 2566 iussi(mus)

796 2593 1199 2676 appensione
1247 2590 1503 2660 muniri.
1560 2591 1800 2660 Datum
1838 2590 2041 2660 Rome
2072 2589 2178 2656 die
2215 2591 2362 2659 XX.
2395 2589 2638 2658 mensis
2671 2587 2884 2674 Martij
2918 2587 3038 2653 XI.

799 2698 1162 2768 Indictione
1181 2700 1568 2784 pontificatu
1589 2735 1676 2747 —
1704 2736 1780 2744 -
1806 2699 2123 2784 Bonifatij
2144 2700 2327 2787 Pape
2347 2702 2563 2767 octavi
2584 2718 2759 2766 anno
2782 2702 3037 2781 quarto.

799 2892 1079 2966 (Teutsch
1116 2893 1177 2950 es
1221 2893 1546 2952 Firnhaber
1589 2894 1965 2952 Urkundenb.
2011 2914 2059 2951 z.
2105 2894 2316 2954 Gesch.
2362 2894 2627 2952 Siebenb.
2666 2892 2711 2951 Ι.
2735 2895 2794 2949 k.
2822 2889 3039 2963 20551.)

1649 3204 2148 3220 w
