3416 5313
1486 399 1526 462 9

389 602 604 677 nibus,
656 599 1057 681 comitibus,
1091 596 1466 663 Batonibus
1500 617 1578 662 ac
1630 599 1962 668 universis
2018 600 2260 668 Christi
2321 598 2632 668 fidelibus

387 730 504 793 per
543 712 833 791 Regnum
869 706 1161 791 Ungarie
1207 707 1596 774 constitutis.

392 905 515 976 (IV.
543 904 752 962 Miklos
780 902 937 976 papa
960 901 1356 975 Regestaibol‚
1384 902 1738 959 Theinernel
1761 904 2131 961 Monumenta
2154 904 2262 959 stb.
2288 904 2332 959 Ι.
2363 907 2421 961 k.
2445 906 2569 962 366.
2597 908 2632 963 l.

390 996 445 1052 A
472 991 747 1067 papanak
771 1011 914 1050 ezen
943 993 1247 1050 erdemben
1272 990 1491 1048 Rudolf
1501 992 1695 1048 nemet
1717 992 2021 1065 kiralyhoz
2048 996 2124 1050 irt
2143 994 2358 1052 levelet
2384 997 2422 1052 l.
2444 997 2633 1067 Fejer-

1015 1083 1111 1139 nel
1139 1082 1278 1139 cod.
1304 1084 1459 1156 Dipl.
1486 1084 1582 1140 VI.
1609 1083 1729 1139 kot.
1760 1086 1805 1140 l.
1834 1106 1875 1140 r.
1904 1084 2020 1154 60.)

1270 1397 1782 1409 ——————-———-—

1488 1960 1548 2022 5.

396 2155 442 2217 I
446 2152 513 2218 V.
548 2154 781 2219 Miklds
800 2160 984 2242 pcipa
1016 2156 1305 2221 Erzse'bot
1335 2154 1737 2241 kirdlyne'hez
1758 2210 1776 2244 ‚
1809 2158 1928 2224 IV.
1965 2158 2196 2223 Ldszld
2228 2159 2442 2245 kirdlq
2475 2168 2638 2225 δευο-

1279 2265 1520 2350 9ye'hez.
1556 2267 1748 2329 1290.

608 2465 924 2532 Nicolaus
958 2463 1328 2549 Episcopus
1384 2483 1616 2531 seruus
1648 2483 1988 2533 seruorum
2022 2466 2146 2532 Dei
2202 2465 2542 2532 carissime
2573 2466 2641 2531 in

400 2574 654 2645 Christo
694 2573 828 2640 filie
861 2573 937 2639 E.
972 2572 1226 2659 Regine
1260 2569 1557 2658 Ungarie
1590 2573 1845 2640 Illustri
1878 2575 2156 2640 salutem
2211 2581 2275 2641 et
2307 2574 2640 2659 Apostoli-

400 2703 539 2748 cam
593 2684 1134 2751 benedictionem.
1210 2683 1439 2767 Nuper
1488 2682 1574 2747 ad
1625 2691 1919 2751 nostrum
1973 2688 2273 2770 pervenit
2324 2685 2641 2768 auditum,

402 2792 573 2875 quod
608 2791 933 2876 quondam
969 2840 984 2855 .
1022 2841 1037 2856 .
1074 2840 1088 2854 .
1123 2792 1266 2856 Rex
1300 2790 1594 2874 Ungarie
1617 2839 1631 2866 ‚
1665 2792 1944 2859 maritus
1977 2800 2144 2876 tuus,
2167 2792 2364 2860 rebus
2398 2800 2500 2858 est
2529 2793 2642 2859 hu·

401 2902 613 2968 manis
648 2910 1003 2988 exemptus.
1034 2904 1260 2981 Perre,
1294 2900 1638 2968 carissima
1668 2901 1738 2967 in
1773 2901 2033 2970 Christo
2063 2901 2204 2969 filia
2223 2956 2241 2989 ,
2278 2903 2399 2969 tibi
2440 2922 2640 2987 super

401 3016 510 3075 tue
542 3030 825 3094 persone
858 3015 1037 3075 statu
1078 3008 1292 3074 multis
1349 3007 1835 3073 turbationibus
1887 3009 2214 3077 hactenus
2262 3009 2644 3096 fluctuante,

403 3119 555 3185 dum
587 3121 725 3186 Rex
758 3119 899 3203 ipse
934 3116 1227 3203 viveret,
1263 3115 1597 3200 compassi
1630 3114 1869 3183 fuimus
1924 3138 2008 3184 ex
2039 3118 2317 3204 affectu,
2375 3139 2496 3186 nec
2528 3119 2643 3185 illo

405 3228 764 3295 desinimus
800 3226 1088 3312 compati
1121 3228 1254 3293 iam
1289 3225 1641 3308 defuncto,
1682 3224 1834 3308 quin
1866 3225 2006 3308 tibi,
2060 3248 2256 3310 quam
2290 3227 2641 3297 affectione

402 3343 679 3421 paterna
709 3335 1180 3422 prosequimur,
1217 3353 1295 3399 eo
1330 3332 1640 3401 libentius
1674 3334 2015 3417 oportunis
2050 3336 2362 3423 consiliis,
2399 3336 2640 3403 favori-

402 3447 525 3512 bus
559 3451 623 3511 et
654 3445 922 3512 auxiliis
974 3445 1367 3510 assistamus
1388 3495 1406 3528 ‚
1459 3463 1587 3528 quo
1640 3442 1774 3508 illis
1827 3444 2309 3526 quodammodo
2362 3447 2644 3531 amplius

403 3557 698 3622 nosceris
748 3554 1067 3638 indigere.
1140 3552 1335 3618 Unde
1386 3572 1506 3618 nos
1560 3551 1937 3617 huiusmodi
1989 3553 2165 3619 circa
2217 3559 2284 3618 te
2340 3552 2643 3620 affectum

407 3671 696 3733 nostrum
731 3662 1031 3729 volentes
1065 3660 1413 3727 ostendere
1452 3680 1571 3746 per
1607 3659 1906 3727 effectum
1931 3711 1948 3744 ‚
2000 3662 2488 3731 venerabilibus
2519 3662 2648 3731 fra·

403 3773 614 3839 tribus
647 3771 889 3837 nostris
921 3772 996 3836 B.
1034 3768 1362 3854 Episcopo
1396 3766 1742 3849 Eugubino
1768 3819 1785 3849 ‚
1839 3788 2030 3851 quem
2064 3767 2153 3834 ad
2185 3769 2480 3852 Regnum
2512 3771 2646 3837 Un-

404 3882 608 3968 garie,
647 3878 995 3946 commisso
1028 3881 1095 3946 in
1119 3898 1196 3944 eo
1230 3877 1355 3943 sibi
1389 3883 1453 3941 et
1485 3877 1551 3941 in
1573 3875 1911 3942 nonnullis
1934 3877 2084 3943 aliis
2117 3879 2413 3962 partibus
2452 3882 2647 3967 plene

406 3987 760 4075 legationis
796 3986 1009 4055 officio
1034 4037 1052 4070 ‚
1082 3987 1433 4067 mittimu8‚
1469 4004 1548 4050 ac
1583 3985 1785 4051 etiam
1821 3986 2257 4069 Strigoniensi
2310 3988 2646 4076 Archiepi-

404 4104 607 4182 'scopo
638 4118 757 4183 per
780 4105 1041 4164 nostras
1075 4097 1400 4181 speciales
1425 4102 1491 4160 et
1522 4095 1828 4162 diversas
1865 4096 2121 4163 litteras
2156 4103 2223 4162 te
2254 4097 2645 4182 propensius

408 4215 475 4275 et
506 4205 925 4274 affectuosius
952 4205 1510 4272 commendamus.
1544 4205 1875 4288 Rogamus
1910 4205 2135 4289 itaque
2167 4204 2647 4274 Celsitudinem

407 4325 586 4384 tuam
622 4323 688 4382 et
719 4315 1055 4381 hortamur
1085 4314 1152 4377 in
1184 4311 1319 4379 filio
1352 4313 1474 4380 Dei
1508 4313 1726 4378 Patris
1747 4361 1764 4393 ‚
1801 4319 2125 4396 quatenus
2163 4334 2284 4400 pro
2320 4320 2551 4382 nostra
2583 4322 2650 4383 et

407 4423 788 4513 Apostolice
821 4422 1010 4492 Sedis
1044 4422 1459 4504 reverentia,
1513 4422 1751 4506 spiritu
1783 4422 2253 4491 consolationis
2276 4430 2647 4509 assumpto,
2683 4439 2684 4442 ’

410 4539 498 4603 ad
528 4536 851 4621 Legatum
885 4538 952 4599 et
984 4532 1566 4617 Archiepiscopum
1619 4531 2035 4617 supradictos
2068 4532 2137 4598 in
2182 4531 2312 4600 tuis
2342 4551 2642 4601 recurras

409 4643 961 4730 oportunitatibus
1015 4641 1433 4709 confidenter.
1482 4639 1620 4708 Nos
1655 4642 1829 4707 enim
1877 4641 2040 4728 ipsis
2072 4661 2190 4727 per
2238 4640 2500 4711 easdem
2539 4642 2638 4711 in-

409 4753 734 4842 iungimus
768 4753 1027 4823 litteras
1050 4803 1067 4838 ‚
1122 4758 1194 4818 ut
1224 4751 1531 4820 dotalitia
1563 4758 1629 4820 et
1659 4751 1793 4819 alia
1843 4754 2019 4822 bona
2048 4758 2164 4819 tua
2213 4757 2638 4823 manutenere
