3416 5313
1838 424 1967 490 160

1816 1059 1973 1128 103.

790 1261 1009 1327 Udvar
1058 1257 1235 1344 Grdf
1278 1258 1494 1344 eladja
1544 1258 1647 1323 30
1694 1258 1838 1344 gira
1891 1259 2172 1324 dendo-on
2223 1260 2590 1347 kilrtve'lyesi
2639 1263 2750 1326 hat
2799 1262 3021 1347 eke'nyi

867 1370 1286 1455 reszjdszdydt
1347 1367 1538 1431 Vo‘rb's
1569 1340 1894 1431 Abrahdm
1930 1369 2236 1454 pozsonyi
2263 1369 2667 1457 alispdnnak.
2722 1371 2918 1438 1296.

1607 1549 1685 1612 A.
1870 1547 1945 1613 Β.
2128 1549 2200 1617 C.

964 1710 1334 1797 Capitulum
1357 1708 1780 1776 Posoniensis
1799 1709 2098 1778 Ecclesie
2119 1710 2420 1778 omnibus
2442 1710 2686 1780 Christi
2720 1707 3029 1778 fidelibus

789 1826 1167 1908 presentem
1201 1820 1484 1886 litteram
1522 1818 1914 1902 inspecturis
1936 1819 2211 1888 salutem
2233 1821 2298 1885 in
2322 1820 2554 1887 salutis
2573 1820 2907 1905 largitore.
2922 1818 3032 1886 Ad

783 1930 1234 1998 vniuersorum
1252 1927 1566 1994 noticiam
1587 1922 1842 2011 (tenore
1874 1927 2277 2011 presencium
2308 1926 2636 2012 volumus)
2661 1924 3029 2014 peruenire,

784 2038 954 2123 quod
988 2035 1357 2103 constitutis
1390 2053 1610 2102 coram
1633 2033 1825 2100 nobis
1846 2034 2165 2120 magistro
2198 2034 2475 2103 Nicolao
2497 2035 2774 2102 Notario
2807 2035 3030 2100 Abrae

784 2148 926 2215 Rufi
978 2145 1261 2214 Curialis
1295 2144 1568 2211 Comitis
1616 2142 2058 2221 Pos'oniensis,
2093 2148 2159 2210 et
2189 2143 2425 2227 Ipolito
2478 2139 2669 2228 (filio)
2702 2141 3034 2210 Dominici

777 2257 930 2324 *vice
962 2262 1027 2321 et
1059 2255 1203 2322 loco
1239 2233 1482 2321 domini
1517 2252 1658 2329 sui,
1707 2251 1950 2319 nobilis
1983 2250 2108 2317 viri
2142 2251 2434 2318 eiusdem
2486 2250 2762 2318 Comitis
2810 2252 3033 2320 Abrae

786 2365 932 2432 Rufi
952 2383 1036 2431 ex
1056 2383 1189 2429 una
1208 2370 1396 2446 parte
1417 2387 1433 2449 ;
1467 2362 1718 2428 Wduor
1747 2360 1881 2425 filio
1916 2358 2186 2444 Georgij
2209 2361 2294 2427 de
2330 2361 2489 2428 Sala
2518 2393 2608 2407 —-
2627 2393 2717 2408 —-
2739 2379 2777 2426 e
2798 2394 2885 2406 —
2906 2400 2993 2410 —
3016 2383 3034 2445 3

785 2473 959 2541 idem
992 2471 1239 2539 Wduor
1270 2470 1537 2539 oraculo
1558 2469 1708 2536 uiue
1727 2469 1909 2536 uocis
1942 2476 2045 2537 est
2084 2468 2446 2553 confessus,
2469 2467 2641 2552 quod
2663 2469 2808 2556 ipse
2830 2490 3038 2553 quan·

785 2580 936 2649 dam
985 2580 1473 2667 possessionem
1523 2597 1708 2644 suam
1759 2576 2227 2644 hereditariam
2279 2579 2352 2644 in
2387 2576 2718 2646 comitatu
2758 2578 3032 2646 Maioris

788 2690 1054 2775 Posonij
1089 2683 1535 2774 e(xistentem)
1571 2687 1923 2753 Kortuelus
1954 2693 2255 2754 vocatam
2310 2685 2398 2751 ad
2432 2706 2555 2753 sex
2585 2691 2814 2754 aratra
2844 2687 3035 2755 suffi-

789 2799 1087 2876 cientem,
1124 2797 1317 2864 sitam
1340 2795 1508 2861 inter
1537 2801 1777 2862 terram
1803 2796 2155 2863 Kortuelus
2200 2794 2531 2878 quandam
2567 2791 2738 2882 (igy)
2758 2795 3039 2863 filiorum

788 2904 1112 2974 Dominici
1138 2924 1180 2970 a
1200 2911 1390 2988 parte
1422 2902 1857 2987 meridionali,
1879 2910 1940 2968 et
1974 2904 2145 2971 inter
2164 2909 2403 2970 terram
2438 2902 2737 2990 Ghepani
2770 2924 2813 2970 a
2844 2912 3040 2990 parte

788 3014 947 3082 ville
979 3013 1225 3097 Paach,
1266 3013 1521 3081 scilicet
1553 3033 1596 3079 a
1626 3019 1814 3101 parte
1835 3014 2378 3100 septemtrionali,
2405 3032 2549 3081 cum
2584 3013 2888 3082 omnibus
2921 3015 3044 3082 vti-

789 3122 1085 3191 litatibus
1118 3129 1184 3188 et
1214 3122 1643 3208 pertinencijs
1679 3122 1818 3188 suis
1849 3110 2258 3190 rendidisset
2293 3119 2504 3189 eidem
2537 3122 2779 3189 Comiti
2817 3123 3044 3190 Abrae

789 3232 960 3301 Rufo
993 3252 1111 3318 pro
1144 3232 1420 3316 triginta
1450 3231 1690 3299 marcis
1742 3231 2156 3299 denariorum
2186 3232 2466 3298 latorum
2516 3229 3043 3318 Wyennensium

789 3344 855 3409 in
888 3340 1056 3408 filios
1090 3340 1368 3406 filiorum
1402 3345 1721 3423 perpetuo
1743 3338 2229 3425 possidendam,
2258 3359 2458 3423 quam
2494 3358 2820 3407 summam
2842 3361 3045 3427 pecu-

790 3450 897 3516 nie
932 3449 1145 3516 dictus
1180 3447 1415 3514 Comes
1450 3443 1623 3534 (igy)
1657 3445 1906 3512 Wduor
1940 3445 2109 3513 dixit
2142 3467 2214 3514 se
2244 3431 2543 3533 plenarie
2577 3449 2940 3536 recepisse,
2977 3454 3043 3517 et

791 3576 865 3624 se
896 3576 1044 3624 esse
1076 3575 1198 3641 per
1230 3553 1507 3621 eundem
1541 3554 1860 3621 Comitem
1892 3552 2178 3620 Abraam
2229 3554 2464 3622 Rufum
2516 3558 2929 3639 persolutum
2962 3579 3048 3626 ex

793 3667 1069 3749 integro.
1093 3662 1239 3742 Qua
1260 3658 1432 3749 (igy)
1453 3661 1719 3745 quidem
1736 3668 1914 3728 terra
1933 3662 2279 3731 Kortuelus
2299 3666 2380 3734 ab
2404 3663 2748 3733 occidente
2773 3665 2868 3732 ibi
2889 3673 3051 3734 sunt

793 3779 1204 3842 ammetanee
1253 3782 1431 3840 terra
1462 3774 1716 3857 szog
1736 3768 1830 3859 (?)
1882 3779 1949 3839 et
1995 3778 2177 3840 terra
2228 3775 2480 3842 Chetou
2514 3810 2593 3821 —-
2631 3810 2739 3859 —-,
2790 3775 3051 3843 directo

796 3902 986 3950 cursu
1017 3881 1189 3948 iuter
1221 3882 1401 3965 ipsas
1423 3881 1589 3949 duas
1621 3879 1956 3968 predictas
1976 3888 2189 3950 terras
2209 3883 2296 3950 ad
2328 3890 2587 3969 partem
2609 3883 3006 3951 orientalem
3030 3909 3049 3972 ;

796 3997 863 4058 et
891 3989 1076 4058 vadit
1109 4008 1314 4072 vsque
1333 3988 1420 4054 ad
1452 3995 1689 4057 metam
1712 3988 1980 4076 hymel-q
2009 3996 2332 4072 vocatam,
2368 3997 2436 4059 et
2455 3998 2701 4060 terram
2734 3990 3053 4080 Oblynch

798 4103 1260 4181 nuncupatam,
1283 4103 1348 4162 et
1367 4096 1457 4161 ibi
1490 4098 1889 4164 terminatur.
1923 4096 2135 4176 Quam
2164 4099 2378 4169 eciam
2410 4108 2650 4169 terram
2684 4102 3052 4169 Kortuelus

800 4205 1036 4273 transit
1088 4202 1353 4287 quidam
1404 4201 1641 4271 fluuius
1693 4224 1811 4288 per
1862 4202 2144 4271 medium
2194 4206 2409 4294 Pylua
2455 4215 2752 4277 vocatus.
2806 4208 3053 4277 Comes

801 4314 1016 4381 eciam
1046 4310 1293 4377 Wduor
1343 4310 1666 4398 obligauit
1717 4330 1791 4378 se
1821 4312 2028 4378 nostri
2062 4315 2127 4378 in
2157 4313 2503 4396 presencia
2534 4315 2814 4382 firmiter
2845 4323 2915 4383 et
2948 4324 3053 4386 at-

800 4427 1014 4504 tente,
1068 4418 1245 4503 quod
1295 4419 1661 4502 quicunque
1703 4436 2016 4503 processu
2046 4417 2410 4505 temp'orum
2452 4423 2672 4509 ipsum
2723 4423 3056 4493 Comitem

803 4528 1089 4597 Abraam
1109 4527 1340 4593 Rufum
1360 4527 1469 4592 vel
1501 4546 1688 4594 suam
1720 4526 2168 4612 posteritatem
2188 4530 2453 4596 racione
2474 4529 2856 4616 supradicte
2876 4542 3057 4602 terre

805 4642 1118 4725 impetere
1136 4636 1339 4704 vellet
1368 4636 1475 4703 uel
1507 4637 1859 4702 molestare
1888 4641 2333 4723 attemptaret,
2366 4639 2707 4725 expediret
2739 4644 2884 4712 suis
2904 4663 3059 4728 pro·

807 4748 972 4834 prijs
1006 4743 1340 4815 laboribus
1392 4752 1457 4810 et
1491 4744 1820 4828 expensis.
1873 4743 1947 4811 In
1980 4744 2164 4812 cuius
2219 4746 2317 4812 rei
2350 4749 2731 4818 memoriam
2784 4760 3060 4820 nostras
