3416 5313
1433 268 1566 336 209

370 488 515 536 ram
546 468 752 551 Iguen
774 516 793 552 ,
827 467 1006 534 unde
1036 464 1415 534 ascenditur
1446 464 1532 531 ad
1564 464 1739 528 ber-cz
1771 465 1857 530 ad
1892 469 2030 531 tres
2064 471 2300 550 metas,
2345 486 2621 550 quarum

366 595 503 641 una
532 579 635 642 est
652 575 963 661 Capituli,
997 576 1210 642 altera
1241 573 1574 658 hospitum
1606 571 1691 640 de
1729 569 1934 656 Iguen
1965 578 2031 639 et
2062 574 2255 640 tertia
2291 573 2625 661 hospitum

369 685 457 752 de
477 684 763 754 Orakow
792 682 1292 771 praedictorum,
1327 681 1441 749 ubi
1471 681 1703 769 incipit
1726 686 1955 747 tenere
1979 686 2189 748 metas
2223 701 2371 749 cum
2401 683 2625 769 hospi·

368 793 549 860 tibus
582 791 665 858 de
699 790 1003 877 Orakow,
1037 796 1101 860 et
1132 811 1249 877 per
1280 790 1466 858 idem·
1491 788 1664 854 bercz
1694 791 1969 856 vertitur
1991 789 2335 876 paulisper
2365 791 2456 859 ad
2487 810 2624 859 me·

370 900 633 985 ridiem,
667 907 734 967 et
783 899 1151 969 ascendens
1186 899 1276 966 ad
1306 917 1506 965 unam
1535 904 1779 965 metam
1829 899 2015 965 venit
2045 898 2134 965 ad
2183 898 2383 967 aliam
2417 900 2484 965 in
2517 918 2626 966 eo·

374 1009 526 1077 dem
558 1008 734 1074 beo-cz
752 1061 771 1097 ,
820 1009 888 1077 in
921 1028 1050 1093 quo
1081 1006 1374 1077 declinat
1420 1008 1657 1074 iterum
1688 1007 1780 1074 ad
1812 1005 2135 1075 orientem
2154 1055 2173 1091 ,
2225 1012 2294 1072 et
2325 1006 2504 1074 venit
2537 1006 2627 1074 ad

369 1115 540 1184 duas
567 1123 779 1185 metas
813 1124 1090 1205 terreas,
1111 1116 1291 1184 unde
1321 1114 1626 1183 ascendit
1661 1134 1785 1203 per
1815 1114 2081 1183 dorsum
2111 1113 2355 1184 montis
2389 1116 2615 1184 Eleos-

368 1229 576 1294 Bercz
604 1226 830 1294 vocati
862 1226 951 1293 ad
980 1227 1153 1294 duas
1174 1232 1408 1310 metas,
1443 1223 1601 1291 inde
1636 1224 1864 1292 eodem
1887 1241 2123 1310 gressu
2163 1222 2251 1291 ad
2282 1221 2452 1291 duas
2473 1236 2617 1291 'me-

371 1338 501 1418 tas,
534 1334 711 1402 unde
742 1334 1000 1404 venitur
1032 1333 1122 1403 ad
1158 1333 1582 1420 supercilium
1616 1332 1825 1417 ipsius
1865 1333 2038 1397 bercz
2077 1332 2169 1400 ad
2202 1340 2445 1401 metam
2477 1352 2626 1418 per-

373 1441 662 1512 foratam
682 1492 702 1530 ,
749 1441 992 1512 abinde
1021 1442 1373 1512 descendit
1402 1442 1490 1509 ad
1523 1441 1694 1509 duas
1726 1446 1939 1510 metas
1964 1442 2163 1528 juxta
2197 1443 2413 1526 pirum
2446 1440 2625 1528 posi-

374 1555 482 1617 tas
504 1597 524 1635 ,
552 1551 731 1618 unde
782 1551 965 1618 cadit
1013 1550 1081 1616 in
1111 1550 1458 1620 Morisium
1504 1555 1574 1618 et
1622 1568 1744 1634 per
1773 1547 2113 1617 Morisium
2159 1546 2507 1619 descendit
2537 1549 2629 1619 ad

372 1665 617 1728 metam
649 1658 936 1746 priorem
967 1664 1153 1727 terra
1185 1659 1528 1728 Borbanth
1559 1676 1604 1725 a
1634 1656 1916 1726 meridie
1935 1707 1953 1742 ,
2005 1663 2187 1726 terra
2217 1677 2378 1729 vero
2410 1658 2629 1747 hospi·

372 1775 510 1834 tum
540 1764 626 1835 de
659 1767 947 1838 Grakow
977 1787 1022 1836 a
1043 1766 1518 1855 septemtrione
1556 1763 2121 1836 remanentibus.“

593 1960 878 2036 (Teutseb
903 1961 967 2024 es
991 1961 1319 2022 Firnhaber
1335 1961 1413 2021 id.
1439 1979 1514 2020 m.
1537 1960 1582 2019 1.
1606 1961 1730 2020 kot.
1754 1960 2024 2021 LXXXI.
2051 1961 2089 2016 1.
2112 1960 2240 2021 376.
2262 1978 2344 2021 sn.
2369 1958 2451 2029 a.)

1240 2260 1776 2274 m-

1439 2789 1594 2857 140.

394 2987 583 3055 VIII.
616 2984 937 3073 Bonifdcz
954 2988 1142 3075 pdpa
1173 2985 1466 3073 Geryelyt
1495 2985 1836 3052 vdlasztatt
1884 2983 2250 3072 eezterqami
2279 2983 2527 3070 chelea,
2560 3006 2639 3049 az

378 3095 751 3185 eceterqami
780 3097 844 3162 6³
875 3117 919 3160 a
947 3092 1483 3181 szekeafehervdri
1505 3094 1833 3182 ethdzak
1863 3092 2448 3181 komndnyzdsdban
2475 3113 2637 3180 meq-

733 3198 743 3202 ”
889 3287 912 3318 e
1275 3202 1507 3269 orii-riti.
1548 3201 1747 3271 1299.

600 3399 982 3470 Bonifacius
1016 3399 1388 3487 Episcopus
1434 3418 1667 3467 seruus
1704 3418 2042 3468 seruorum
2067 3398 2197 3467 Dei
2228 3397 2472 3469 dilecto
2500 3394 2640 3466 filio

381 3509 673 3597 Georgio
703 3508 933 3576 Electo
984 3507 1432 3591 strigoniensi
1462 3509 1747 3576 salutem
1779 3514 1848 3574 et
1877 3505 2331 3593 Apostolicam
2366 3506 2640 3576 benedi·

309 3627 318 3630 ’
382 3617 686 3689 ctionem.
718 3618 1183 3687 Preteritorum
1238 3615 1556 3685 exhibitio
1588 3624 1961 3703 temporum
1992 3613 2079 3684 ad
2110 3613 2491 3685 memoriam
2542 3631 2643 3682 re·

381 3732 625 3797 vocata
653 3724 1080 3815 demonstrat,
1124 3726 1301 3810 quod
1348 3726 1573 3794 nobile
1622 3727 1926 3814 Regnum
1969 3722 2265 3811 Ungarie
2316 3723 2644 3808 valdeque

383 3834 709 3924 diffusum,
742 3836 951 3904 multa
968 3836 1261 3922 plebium
1299 3837 1753 3922 generositate
1784 3837 2116 3921 refertum,
2149 3838 2499 3922 postquam
2528 3834 2642 3904 Di-

384 3944 630 4014 vinitus
662 3945 1048 4033 inspiratum
1081 3944 1277 4013 fidem
1308 3943 1552 4016 Christi
1600 3948 1913 4033 suscepit,
1947 3944 2142 4029 quasi
2181 3946 2433 4032 optima
2462 3949 2647 4013 ter-ra

390 4050 643 4121 fructus
676 4052 958 4139 optimos
990 4050 1276 4136 protulit,
1323 4050 1637 4137 palmites
1666 4050 1982 4138 produxit
2012 4053 2279 4137 electos,
2312 4058 2379 4120 et
2409 4059 2549 4123 tam
2575 4052 2645 4118 in

387 4160 897 4245 Ecclesiasticis,
930 4181 1126 4246 quam
1150 4160 1573 4230 secularibus
1594 4159 1898 4249 personis
1920 4161 2183 4246 lapides
2216 4160 2406 4231 vivos
2438 4168 2508 4231 et
2534 4156 2648 4228 ho·

389 4267 725 4339 notabiles
756 4269 991 4340 habuit
1020 4287 1101 4337 ac
1133 4271 1404 4355 electos,
1436 4272 1786 4357 presertim
1817 4288 2139 4359 personas
2172 4269 2515 4353 utriusque
2546 4286 2646 4335 se-

388 4395 513 4444 xus
547 4398 591 4448 a
621 4377 784 4447 dicti
806 4378 1024 4464 Regni
1054 4379 1247 4447 domo
1279 4378 1496 4463 Regia
1535 4378 1995 4465 procedentes,
2026 4376 2257 4461 utique
2287 4376 2648 4444 sanctitate

388 4483 708 4576 preditas,
740 4487 953 4557 multa
970 4486 1283 4556 virtutum
1312 4487 1641 4555 varietate
1670 4486 1974 4570 donatas,
2009 4504 2135 4570 que
2157 4483 2347 4567 quasi
2380 4483 2650 4552 lucerne

387 4591 701 4664 ardentes
731 4616 864 4664 non
897 4596 1019 4664 sub
1068 4593 1308 4682 modio,
1343 4594 1465 4662 sed
1498 4612 1704 4682 supra
1735 4593 2208 4664 candelabrum
2241 4590 2478 4679 posite,
2517 4611 2649 4660 non

497 4719 702 4763 norun.
720 4719 1108 4763 nure.111sr.—
1124 4720 1264 4763 mrr..
1293 4718 1361 4762 ιο.
2240 4700 2328 4769 14
