3416 5313
1457 382 1589 448 267

1407 1037 1584 1123 ,na

383 1239 511 1304 ΙΙΙ.
545 1237 762 1303 Endre
791 1236 1007 1324 kirdly
1038 1260 1080 1301 a
1109 1234 1483 1323 nyulsziqcti
1511 1235 1798 1320 apdczdk
1826 1237 2129 1322 nc'pcc’nek
2148 1238 2627 1305 vcimszabadsd-

1154 1347 1265 1431 ydt
1296 1344 1631 1429 biztositja.
1667 1344 1865 1410 1301.

598 1543 899 1610 Andreas
931 1541 1058 1608 Dei
1090 1541 1320 1624 gracia
1351 1541 1494 1606 Rex
1538 1539 1879 1626 Hungarie
1900 1591 1917 1625 ,
1969 1541 2276 1611 fidelibus
2331 1547 2465 1614 suis
2499 1549 2637 1616 vni-

384 1649 596 1719 uersis
646 1649 1102 1719 collectoribus
1135 1655 1272 1716 tam
1324 1648 1780 1736 denariorum,
1837 1670 2030 1735 quam
2080 1651 2458 1720 victualium
2510 1677 2634 1743 pro
2746 1667 2755 1678 ·

380 1771 678 1847 tempore
710 1758 1077 1828 constitutis
1112 1760 1395 1842 salutem
1429 1766 1495 1826 et
1527 1760 1840 1844 graciam.
1876 1758 2036 1829 Cum
2069 1761 2356 1829 vniuersi
2390 1767 2628 1852 populi

381 1874 831 1958 religiosarum
885 1875 951 1936 et
982 1867 1123 1935 Deo
1167 1867 1552 1936 deuotarum
1603 1869 2006 1936 dominarum
2057 1890 2350 1940 sororum
2404 1873 2487 1940 de
2524 1876 2636 1939 In-

384 1982 529 2047 sula
561 1979 848 2064 Virginis
882 1977 1187 2047 Gloriose
1207 2029 1224 2063 ,
1261 1977 1506 2062 vbique
1537 1977 1830 2045 locorum
1868 1979 1936 2043 in
1968 1980 2199 2064 Regno
2248 1986 2472 2048 nostro
2507 1984 2641 2049 exi-

383 2094 630 2157 stentes
651 2137 670 2173 ,
720 2088 903 2152 iuxta
934 2090 1230 2153 tenorem
1262 2086 1751 2173 priuilegiorum
1805 2086 2022 2155 domin
2036 2073 2219 2155 orum
2252 2085 2640 2177 St(ephani)

382 2203 448 2262 et
495 2193 1169 2281 Ladislai,Illustrium
1191 2198 1444 2281 Regum
1465 2196 1774 2281 Vngarie,
1813 2195 2317 2265 karissimorum
2349 2197 2626 2269 fratrum

267 2376 277 2383 ,
383 2311 742 2372 nostrorum
776 2304 1204 2387 patruelium,
1240 2325 1321 2373 ac
1351 2310 1764 2390 nostrorum,
1800 2306 1885 2372 ab
1928 2309 2103 2373 omni
2134 2326 2376 2390 genere
2416 2311 2625 2377 colle-

384 2419 654 2492 ctarum,
688 2410 1101 2478 denariorum
1133 2411 1386 2480 scilicet
1418 2418 1485 2479 et
1517 2413 1921 2499 victualium,
1958 2433 2120 2499 pure
2155 2420 2221 2479 et
2251 2414 2638 2504 simpliciter

381 2520 509 2588 sint
540 2519 861 2604 exempti,
918 2518 1225 2586 fidelitati
1256 2521 1704 2589 vniuersitatis
1745 2528 1968 2589 vestre
2003 2521 2403 2608 precipimus
2435 2522 2640 2591 firmi-

381 2635 578 2697 teret
610 2616 938 2713 districte,
990 2633 1311 2712 quatenus
1346 2629 1559 2699 dictos
1593 2630 1874 2716 populos
1924 2631 2273 2698 occasione
2325 2632 2638 2704 collecta·

380 2758 539 2822 rum,
574 2755 953 2821 quocunque
984 2738 1247 2806 nomine
1281 2742 1708 2825 censeantur,
1762 2759 1891 2807 non
1927 2741 2326 2825 presumatis
2383 2741 2634 2826 aliqua*-

380 2854 568 2915 tenus
600 2847 991 2931 molestare,
1021 2849 1126 2914 uel
1162 2847 1430 2932 exigere
1465 2846 1722 2929 aliquid
1755 2847 1840 2912 ab
1876 2847 2170 2933 eisdem;
2225 2853 2289 2914 et
2328 2848 2507 2917 aliud
2539 2850 2634 2918 fa·

380 2975 525 3023 cere
558 2975 685 3023 non
722 2954 1118 3039 presumatis
1149 2956 1286 3023 ullo
1320 2954 1513 3029 modo
1541 3003 1557 3034 ‚
1613 2955 1902 3038 alioquin
1934 2954 2470 3042 indignacionem
2514 2978 2631 3023 no·

378 3069 583 3130 stram
635 3063 943 3131 sencietis
976 3063 1270 3149 grauiter
1322 3061 1701 3132 incurrisse.
1755 3064 1998 3131 Datum
2034 3064 2219 3131 Bude
2252 3066 2321 3132 in
2375 3067 2626 3134 octauis

377 3170 896 3258 Epiphaniarum
931 3168 1214 3257 Domini,
1252 3194 1423 3239 anno
1466 3168 1747 3238 eiusdem
1780 3171 1880 3238 M⁰
1912 3171 2109 3241 000⁰
2142 3174 2373 3258 prim0.

783 3383 1078 3455 (Eredetie
1105 3403 1140 3441 a
1165 3384 1341 3442 budai
1368 3384 1473 3441 kir.
1507 3386 1771 3442 kamarai
1796 3384 2202 3455 leveltarban.)
