3416 5313
1965 352 2093 419 156

899 572 991 639 lai
1042 572 1228 657 Gueg
1277 569 1531 655 college
1581 569 1833 648 nostri,
1882 568 1942 635 si
1974 568 2250 637 eundem
2283 567 2456 638 idem
2512 573 2700 656 pater
2737 566 3130 639 venerabilis

899 678 1404 769 Vesprimiensis
1431 673 1807 765 ⁴Episcopus
1827 682 2145 762 tanquam
2174 698 2295 765 pro
2333 697 2455 745 sua
2487 683 2678 764 parte
2699 679 2991 764 judicem
3025 677 3134 744 du-

899 789 1067 858 xerit
1099 785 1606 876 producendum,
1641 787 2009 872 prorogetis
2041 786 2134 856 ad
2153 786 2509 856 secundum
2540 786 2713 855 diem
2744 786 2936 856 Beati
2964 787 3139 855 Luce

896 895 1343 981 Ewangeliste
1374 893 1674 982 proxime
1726 899 2075 963 uenturum
2093 945 2112 981 ‚
2165 895 2535 965 inhibentes
2585 893 2804 964 medio
2843 901 3136 981 tempore

900 1006 1293 1077 auctoritate
1334 1004 1746 1090 Apostolica‚
1790 1010 1859 1071 et
1891 1009 2118 1071 nostra
2165 1004 2620 1074 nichilominus
2661 1002 3137 1090 Metropolitica

893 1120 1247 1201 potestate,
1281 1109 1495 1180 eidem
1519 1110 1694 1198 patri
1717 1111 2105 1198 venerabili,
2126 1120 2194 1182 et
2224 1112 2596 1183 Andronico
2628 1110 2972 1200 Preposito
3002 1116 3133 1180 Ve-

895 1221 1311 1310 sprimiensi,
1363 1240 1445 1288 ac
1494 1220 1825 1289 Hermano
1875 1220 2115 1290 Comiti
2147 1222 2276 1292 ciui
2325 1222 2412 1289 de
2464 1221 2699 1291 Castro
2731 1220 3045 1303 Budensi‚
3078 1230 3141 1289 et

900 1331 1055 1399 aliis
1105 1329 1504 1416 generaliter
1554 1331 2093 1418 quibuscunque,
2145 1352 2230 1400 ne
2280 1352 2397 1418 per
2446 1331 2611 1398 facti
2660 1331 3036 1417 potenciam
3070 1349 3140 1399 se

897 1440 1252 1508 immittant
1282 1438 1372 1505 ad
1402 1438 1693 1508 decimas
1726 1439 2146 1526 occupandas
2193 1438 2369 1509 intra
2418 1439 2825 1509 territorium
2848 1440 3138 1509 ciuitatis

897 1549 1073 1619 dicte
1105 1549 1437 1617 Budensis
1468 1549 1536 1616 in
1569 1548 1867 1636 frugibus
1900 1552 2009 1617 uel
2038 1550 2106 1618 in
2137 1550 2309 1632 vino,
2346 1549 2514 1618 sicut
2544 1550 2865 1619 hactenns
2897 1548 3138 1618 nudius

895 1657 1137 1727 tercius
1168 1655 1633 1726 miserabiliter
1664 1664 1736 1725 et
1762 1657 2019 1725 notorie
2050 1657 2117 1722 in
2149 1658 2491 1743 premissis
2523 1664 2756 1727 contra
2785 1655 2997 1742 ipsam
3017 1658 3138 1725 Bu·

897 1765 1165 1833 densem
1197 1764 1568 1835 Ecclesiam
1597 1782 1716 1852 per
1768 1763 1931 1831 facti
1960 1764 2330 1850 potenciam
2364 1763 2522 1833 dicti
2560 1765 2889 1850 Prepositi
2921 1769 2993 1831 et
3024 1764 3138 1835 Oa-

894 1874 1079 1961 pituli
1114 1872 1432 1942 asseritur
1482 1877 1940 1958 acceptatum,
1992 1871 2340 1957 presertim
2390 1892 2539 1941 cum
2578 1872 2791 1942 eciam
2842 1870 3174 1942 dominus·

837 1968 846 1985 ’
892 1990 1117 2052 noster
1148 1983 1420 2050 Inclitus
1472 1980 1615 2048 Rex
1663 1982 1969 2049 Andreas
2020 1981 2295 2067 prestita
2338 1979 2464 2049 fide
2495 1983 2562 2048 in
2594 2001 2827 2052 manus
2874 1990 3138 2053 nostras

893 2091 1269 2181 promiserit
1300 2090 1431 2179 ipsi
1462 2088 1751 2157 Budensi
1800 2089 2095 2157 Ecclesie
2125 2089 2370 2156 liberas
2410 2096 2477 2156 et
2510 2089 2791 2179 quietas,
2824 2092 2999 2159 sicut
3030 2111 3136 2161 an-

891 2201 1162 2284 tiquitus
1195 2197 1474 2285 pacifice
1527 2198 1988 2284 possederunt.
2029 2197 2168 2265 Nos
2201 2198 2367 2266 enim
2405 2197 2775 2267 huiusmodi
2805 2199 3137 2285 postulan-

888 2319 988 2378 tes
1011 2359 1028 2393 ‚
1093 2308 1203 2392 qui
1259 2325 1423 2374 ausu
1472 2306 1799 2394 sacrilego
1863 2305 2158 2392 prefatas
2211 2305 2503 2374 decimas
2555 2307 2639 2375 de
2702 2307 2861 2376 facti
2909 2314 3138 2395 poten-

890 2420 996 2485 cia
1046 2415 1323 2484 ulterius
1361 2415 1882 2502 presumpserint
1934 2434 2300 2501 occupare,
2349 2414 2456 2483 uel
2507 2416 2574 2483 in
2624 2416 2843 2500 aliquo
2891 2423 3136 2504 pertur-

887 2530 1062 2608 bare,
1097 2523 1490 2592 auctoritate
1524 2523 2011 2609 Metropolitica
2035 2528 2183 2608 post
2203 2522 2717 2591 ammoniciones
2739 2523 3135 2611 multiplices

890 2632 1588 2704 excommunicacionis
1626 2631 1885 2700 uinculo
1926 2630 2357 2711 innodamus,
2398 2635 2465 2698 et
2495 2629 2766 2700 ferimus
2806 2630 2892 2699 ab
2936 2632 3133 2699 omni·

895 2745 1021 2813 bus
1055 2742 1273 2810 arcius
1306 2740 1560 2809 euitari.
1611 2740 1697 2807 Et
1728 2742 1853 2808 hoc
1884 2739 2058 2807 idem
2097 2746 2322 2806 uestra
2374 2738 2721 2807 sinceritas
2752 2749 3134 2827 exequatur,

892 2859 966 2920 ut
997 2868 1159 2938 quos
1189 2847 1416 2918 Diuini
1450 2868 1736 2917 canones
1770 2869 1811 2915 a
1833 2850 2008 2915 malo
2040 2868 2168 2913 non
2199 2853 2534 2924 reuocant,
2567 2846 2868 2915 Ecclesie
2899 2851 3134 2917 saltem

895 2960 1243 3029 coherceat
1277 2958 1600 3025 seueritas
1653 2956 2022 3043 disciplinis
2045 3007 2061 3039 ,
2096 2962 2294 3041 prout
2324 2955 2390 3020 in
2423 2956 2573 3024 aliis
2622 2955 2864 3024 litteris
2895 2958 3135 3025 nostris

887 3067 1265 3158 patentibus
1298 3066 1677 3134 continetur.
1711 3069 1951 3134 Datum
1984 3066 2053 3132 in
2094 3069 2311 3132 castro
2339 3067 2459 3133 sub
2491 3071 2713 3131 monte
2744 3064 3133 3152 &ag-Sum·

892 3179 1002 3243 lua
1036 3175 1106 3242 in
1141 3173 1498 3243 festiuitate
1521 3171 1748 3243 Sancti
1779 3173 1982 3260 Regis
2018 3172 2338 3261 Stephani
2370 3191 2542 3239 anno
2574 3172 2842 3242 Domini
2863 3174 2959 3237 M⁰
2994 3175 3133 3246 (30⁰

891 3284 1318 3372 nonagesimo
1351 3290 1558 3351 sexto.
2228 3357 2247 3394 ἱ

954 3480 1123 3554 (lmre
1148 3480 1491 3552 esztergami
1530 3477 1890 3553 prepostnak
1911 3496 2260 3554 ugyanazon
2279 3477 2573 3554 targyban
2591 3479 2823 3538 kiadott
2862 3498 3060 3556 ugyan

1305 3569 1531 3628 1295-ki
1556 3567 1977 3640 rendeletebo'l,
2005 3569 2149 3627 mint
2174 3568 2352 3627 alabb
2387 3571 2509 3630 105.
2536 3588 2618 3629 ει.
2637 3567 2713 3643 a.)
2886 3583 2902 3591 “
