3416 5313
1292 404 1592 531 [⁹1-

319 659 550 725 porum
581 638 895 707 Jacobum
928 639 1333 725 sepedictum
1368 660 1569 725 supra
1600 640 1899 726 predicta
1930 648 2105 707 terra
2136 643 2380 709 uellent
2424 662 2555 709 mo-

319 749 603 834 lestare,
637 768 754 817 seu
787 768 1140 834 agi-auare,
1173 751 1503 819 tenebitur
1535 748 1849 836 expedire
1886 748 2174 838 proprijs
2206 749 2552 818 laboribus

322 860 390 920 et
420 856 754 940 expensis.
790 859 867 925 In
901 857 1085 925 cuius
1119 859 1214 924 rei
1236 858 1675 926 testimonium
1710 857 2253 928 nostraslitteras
2289 850 2562 926 eonces-

322 963 527 1032 simus
561 963 760 1052 sigilli
792 967 1002 1033 nostri
1049 967 1408 1035 munimine
1440 967 1804 1037 roboratas.
1854 968 2099 1036 Datum
2133 987 2313 1035 anno
2341 967 2561 1037 Incar-

319 1072 621 1142 naeionis
656 1072 997 1141 Dominice
1026 1075 1112 1141 Μ.
1147 1074 1596 1145 ducentesimo
1625 1076 2059 1162 nonagesimo
2097 1076 2327 1144 tercio.
2394 1085 2402 1093 ·

322 1302 592 1382 (Hartya.
617 1306 941 1363 Voroszold
977 1307 1233 1379 selymen
1269 1304 1411 1382 sugg
1436 1325 1474 1365 a
1496 1306 1955 1382 pecsetto‘redek.
1995 1307 2567 1383 Pozsonykaptalani

579 1395 848 1471 orszagos
872 1397 1138 1458 leveltar.
1165 1398 1362 1473 Capsa
1386 1399 1542 1458 XIV.
1568 1397 1737 1495 Fasc.
1762 1400 1815 1458 4.
1846 1399 1988 1459 Nro.
2013 1406 2063 1461 2.
2105 1400 2334 1473 Knauz.)

1187 1717 1697 1726 ...Ἣ

1408 2338 1511 2403 57.

323 2551 424 2618 Az
474 2552 716 2641 erde'lyi
763 2552 963 2641 vajcla
992 2576 1035 2617 a
1067 2553 1357 2618 de'zevciri
1405 2551 1796 2621 lakosoknak
1837 2555 2217 2644 meyenyedi,
2256 2556 2415 2643 hoqy
2444 2556 2491 2621 I
2496 2555 2567 2624 V.

327 2665 560 2731 Ldszld
585 2667 650 2730 e's
677 2665 803 2730 ΙΙΙ.
842 2663 1064 2728 Endre
1094 2663 1391 2749 kirdlyolc
1410 2664 1899 2752 privilcyiumai
1932 2667 2161 2732 ezei-int
2193 2665 2577 2732 οεὸιόνιὸΙοόη

987 2774 1207 2836 υάεάνι
1236 2771 1703 2839 tartkaesanak.
1738 2774 1936 2841 1293.

549 3040 2581 3059 --—-——-—-—-———-—

330 3154 418 3165 —
468 3157 555 3166 -
604 3114 930 3201 Wajvoda
980 3117 1465 3203 Transylvanie
1489 3169 1508 3202 ‚
1559 3124 1629 3185 et
1679 3119 1917 3188 Comes
1958 3117 2043 3186 de
2094 3119 2353 3187 Zolnok
2376 3169 2394 3204 ‚
2450 3137 2580 3185 me-

331 3227 540 3293 morie
569 3226 1101 3294 commendamus
1153 3223 1607 3313 significantes
1657 3227 1983 3296 universis
2022 3227 2430 3312 presencium
2461 3246 2579 3311 per

332 3341 649 3418 tenorum,
673 3333 843 3418 quod
876 3334 960 3404 ad
982 3337 1390 3413 instanciam,
1414 3342 1483 3403 et
1511 3338 1894 3425 peticionem
1918 3333 2252 3421 hospitum
2286 3335 2351 3402 in
2371 3338 2583 3402 Dees-

333 3466 474 3513 war
494 3442 918 3511 existencium
940 3447 1111 3513 hanc
1135 3444 1418 3532 gratiam
1437 3444 1743 3514 duximus
1775 3445 2258 3513 concedendam
2297 3445 2579 3511 benevo-

335 3556 420 3637 le,
441 3561 505 3620 et
526 3552 836 3634 fauorem,
854 3558 918 3619 et
939 3554 1093 3636 quia
1112 3553 1339 3622 habito
1361 3554 1637 3624 consilio
1657 3553 2104 3642 cognovimus,
2118 3558 2186 3620 et
2203 3552 2485 3622 vidimus
2500 3584 2584 3598 -

338 3702 424 3712 --
441 3699 533 3712 -
549 3700 637 3708 ——
649 3695 737 3708 --
755 3659 928 3728 sicut
948 3667 1015 3728 et
1034 3663 1392 3749 profectum
1406 3663 1681 3733 Camere
1705 3661 1953 3731 domini
1976 3661 2197 3749 Regis,
2213 3669 2402 3748 prout
2419 3661 2586 3730 vidi-

337 3791 480 3839 mus
512 3771 581 3838 in
614 3770 822 3837 literis
842 3771 1143 3841 Ladizlai
1165 3771 1290 3839 Dei
1312 3772 1527 3859 gratia
1544 3773 1825 3841 Illustris
1851 3772 2056 3858 Regis
2079 3770 2439 3859 Hungarie,
2465 3790 2587 3838 nec

334 3901 466 3947 non
481 3879 740 3947 Andree
760 3881 888 3948 Dei
911 3878 1129 3968 gratia
1148 3879 1449 3949 similiter
1469 3881 1671 3967 Regis
1691 3881 2045 3966 Hungarie‚
2065 3886 2138 3947 vt
2158 3886 2401 3964 quarta
2417 3881 2585 3949 feria

333 3989 542 4055 forum
571 3990 846 4056 liberum
865 3991 949 4058 ab
975 3988 1147 4057 omni
1170 3989 1668 4077 jurisdieeione,
1704 3996 1772 4056 et
1779 3988 2034 4077 judicio
2055 3999 2424 4058 nostrorum
2444 3989 2584 4056 offi-

339 4096 599 4165 cialium
620 4102 951 4163 exemtum
975 4097 1122 4166 sine
1139 4096 1384 4165 tributo
1406 4098 1614 4182 possit
1635 4096 1953 4166 celebrari
1987 4135 2054 4144 —-
2081 4138 2167 4148 —
2191 4134 2278 4149 -—-
2298 4138 2374 4150 -
2404 4102 2582 4167 volu-

337 4225 502 4289 mus,
526 4210 593 4272 et
627 4204 866 4272 nostris
888 4203 1282 4276 officialibus
1302 4212 1439 4273 tam
1460 4205 1820 4273 comitibus
1839 4225 1960 4292 pro
1979 4212 2274 4295 tempore
2297 4206 2581 4276 consitu-

338 4314 447 4401 tis,
483 4332 677 4397 quam
706 4350 787 4361 --
809 4347 898 4361 —-
918 4349 1005 4361 —
1025 4313 1196 4397 quod
1232 4320 1633 4381 mercatores
1668 4321 1735 4381 et
1766 4335 1991 4384 omnes
2022 4313 2363 4382 venientes
2383 4316 2589 4383 libere

337 4422 631 4507 veniant,
674 4420 757 4492 ad
788 4422 1000 4507 ipsum
1029 4424 1239 4491 forum
1272 4424 1705 4510 conveniant,
1741 4430 1808 4489 et
1839 4443 2065 4491 secure
2096 4425 2413 4511 redeant,
2462 4446 2585 4498 nec

341 4567 430 4580 -
465 4565 554 4578 —-
586 4568 674 4581 --
710 4566 789 4578 -—-
824 4531 1065 4616 aliquis
1095 4533 1361 4600 eosdem
1415 4550 1559 4599 cum
1590 4533 1726 4601 suis
1763 4534 1962 4601 rebus
1995 4532 2441 4619 covenientes,
2474 4536 2580 4601 vel

348 4638 736 4707 recedentes
769 4640 852 4707 de
884 4639 1137 4725 eodem,
1158 4646 1562 4729 presummat
1578 4642 1950 4725 molestare,
1984 4661 2099 4709 seu
2134 4641 2359 4726 aliquo
2390 4640 2581 4710 modo

346 4747 751 4836 perturbare.
782 4747 1024 4816 Datum
1046 4748 1115 4815 in
1144 4746 1306 4818 villa
1324 4749 1589 4836 Chyves
1610 4749 1679 4818 in
1714 4749 1961 4819 octavis
1981 4751 2208 4821 Sancti
2238 4749 2584 4825 Michaelis
