3416 5313
1381 419 1511 491 23¹1

304 642 718 725 prenotatos,
750 638 940 719 prout
972 629 1149 697 idem
1207 632 1442 701 Comes
1494 637 1826 703 Leurente
1860 642 1925 701 et
1976 638 2253 719 quatuor
2300 618 2571 701 Judices

305 747 397 812 ab
434 743 764 828 omnibus,
802 760 844 806 a
876 738 1113 821 quibus
1162 739 1346 807 licuit
1378 749 1443 809 et
1491 740 1729 823 decuit,
1763 740 1927 808 scire
1960 740 2279 826 potuisset
2324 738 2563 806 verita·

301 864 442 922 tem
473 853 540 919 in
573 847 932 936 premissis.
987 847 1093 915 Ad
1125 847 1248 913 hec
1282 848 1492 918 eciam
1539 851 1797 920 litteras
1830 847 2120 935 Capituli
2167 847 2566 934 Wezprimy-

303 963 489 1030 ensis
523 956 993 1044 inquisitorias,
1029 973 1157 1039 que
1215 957 1434 1025 omnia
1464 960 1790 1044 premissa
1822 956 2072 1026 eisdem
2094 954 2566 1042 jobagionibus

303 1070 573 1137 domine
605 1069 862 1154 Regine
911 1084 1029 1151 per
1061 1066 1244 1150 ipsos
1278 1068 1532 1133 nobiles
1565 1066 1771 1134 fuisse
1803 1066 2099 1152 irrogata
2131 1064 2564 1133 affirmabant.

304 1179 561 1256 Quibus
595 1175 902 1265 perlectis
924 1174 1129 1241 iidem
1163 1172 1345 1240 Zoda
1377 1182 1444 1243 et
1473 1176 1637 1244 Bors
1670 1195 1789 1261 pro
1824 1195 1895 1243 se
1928 1182 1994 1240 et
2026 1172 2257 1241 eodem
2288 1173 2566 1239 Nicolao

306 1284 629 1370 predictis
665 1281 899 1350 litteris
920 1280 1350 1363 inquisitoriis
1385 1282 1685 1366 Magistri
1722 1282 2048 1349 Leurente
2080 1279 2349 1350 Comitis
2383 1281 2567 1348 Wez·

304 1391 707 1479 primyensis
761 1393 827 1454 et
876 1393 1155 1470 quatuor
1203 1386 1506 1455 Judicum
1540 1387 2099 1472 contradixerunt,
2152 1387 2559 1458 falsificando

303 1502 524 1584 ipsum
559 1498 946 1581 Magistrum
971 1493 1299 1562 Leurente
1331 1501 1397 1562 et
1428 1494 1590 1561 duos
1623 1517 1706 1563 ex
1730 1494 1979 1566 eisdem
2003 1501 2283 1579 quatuor
2313 1496 2354 1563 J
2360 1497 2561 1563 udici-

309 1611 453 1691 buS‚
487 1604 800 1674 videlicet
823 1601 1141 1673 Comitem
1164 1604 1502 1693 Mathyam
1545 1603 1631 1671 de
1651 1604 1802 1671 Wrs
1837 1609 1902 1670 et
1931 1604 2317 1691 Magistrum
2349 1606 2562 1692 Heym

309 1718 395 1784 de
427 1719 468 1785 J
476 1723 641 1796 atas,
675 1714 860 1798 ipsas
882 1714 1140 1783 litteras
1175 1733 1396 1781 eorum
1432 1711 1642 1780 falsas
1675 1731 1826 1781 esse
1860 1720 2238 1779 asserentes
2275 1713 2343 1777 in
2378 1732 2475 1799 e0,
2496 1722 2568 1781 ut

311 1825 487 1892 idem
516 1820 834 1906 Magister
866 1820 1195 1886 Leurente
1218 1870 1236 1904 ‚
1273 1818 1509 1886 Comes
1562 1818 1874 1905 Mathyas
1911 1824 1977 1883 et
2008 1818 2324 1902 Magister
2356 1820 2564 1909 Heym

309 1954 440 1999 non
475 1950 558 1996 ex
590 1929 777 2011 scitu,
808 1945 1131 1995 consensu
1166 1932 1232 1992 et
1279 1927 1618 2000 voluntate
1650 1926 1933 1994 Donatis
1967 1932 2034 1992 et
2068 1927 2378 2016 Gelyany
2409 1931 2565 1997 alio-

309 2062 454 2108 rum
486 2040 763 2105 duorum
811 2034 1120 2103 Judicum
1170 2054 1250 2101 ex
1293 2035 1457 2120 ipsis
1514 2041 1791 2117 quatuor
1843 2034 2185 2102 Judicibus
2236 2038 2567 2104 Nobilium

316 2149 690 2216 Comitatus
702 2144 1262 2231 Wezprimyensis
1284 2143 1616 2229 predictas
1640 2144 1897 2212 litteras
1921 2142 2370 2227 inquisitorias
2393 2144 2565 2213 frau-

315 2256 635 2339 dulenter,
668 2254 908 2334 inique,
945 2251 1175 2319 dolose
1207 2258 1272 2316 et
1303 2249 1474 2317 falso
1509 2248 1699 2319 modo
1733 2251 2054 2317 fecissent
2092 2253 2388 2321 emanari
2422 2274 2565 2320 con-

313 2381 419 2432 tra
451 2365 655 2448 ipsos.
690 2359 879 2425 Vnde
899 2377 1019 2441 per
1052 2355 1383 2422 dominum
1408 2356 1745 2424 Andream
1766 2359 2101 2426 Illustrem
2126 2360 2376 2443 Regem
2396 2361 2565 2428 Hun-

321 2472 528 2559 garie,
563 2466 892 2535 dominum
943 2473 1257 2549 nostrum,
1292 2473 1356 2531 et
1388 2485 1507 2550 per
1553 2486 1674 2532 nos
1725 2475 2062 2551 tamquam
2095 2469 2569 2554 'vice-judicem

313 2581 512 2650 Curie
547 2576 755 2664 Regie
789 2578 1109 2640 statutum
1144 2574 1361 2642 fuerat
1383 2624 1402 2660 ,
1437 2575 1616 2659 quod
1646 2573 1714 2641 in
1748 2576 2099 2661 quindenis
2138 2578 2330 2643 Beati
2363 2581 2563 2647 Geor—

312 2693 407 2777 gii
441 2687 727 2756 martiris
779 2684 976 2752 ambe
1028 2694 1253 2768 partes
1306 2703 1525 2751 coram
1567 2683 1832 2752 domino
1881 2687 2061 2772 Rege
2111 2696 2563 2773 comparerent

310 2801 585 2882 iterato,
621 2807 685 2863 et
711 2791 1072 2861 Ladizlaus
1109 2798 1174 2859 et
1207 2793 1385 2860 Dees
1430 2793 1613 2877 ipsas
1649 2795 1907 2861 litteras
1956 2795 2346 2865 falsificatas
2383 2801 2558 2866 exhi-

312 2908 567 2980 berent,
600 2902 802 2969 iidem
831 2919 988 2966 vero
1022 2898 1208 2966 Zoda
1230 2950 1248 2982 ,
1282 2900 1445 2966 Bors
1478 2907 1543 2968 et
1572 2901 1885 2968 Nicolaus
1916 2902 2233 2971 deberent
2264 2926 2555 2995 compro-

311 3020 500 3099 bare,
529 3021 599 3080 vt
617 3011 939 3096 Magister
959 3011 1307 3095 Leurente‚
1332 3011 1568 3078 Comes
1590 3011 1904 3098 Mathyas
1926 3018 1990 3076 et
2011 3012 2327 3096 Magister
2348 3016 2562 3101 Heym

312 3127 448 3192 sint
478 3120 635 3187 falsi
656 3118 940 3205 judices,
991 3122 1054 3183 et
1083 3116 1383 3201 predicte
1434 3117 1650 3185 littere
1685 3136 1908 3184 eorum
1944 3118 2349 3202 inquisitorie
2386 3123 2563 3192 simi-

312 3234 464 3299 liter
499 3230 670 3295 false
705 3234 772 3293 et
805 3225 995 3292 modo
1049 3225 1401 3310 prehabito
1435 3234 1745 3294 emanate
1767 3277 1784 3309 ‚
1839 3236 2031 3313 prout
2065 3229 2186 3297 hec
2220 3231 2292 3298 in
2324 3232 2562 3302 litteris

312 3341 610 3408 eiusdem
643 3335 891 3401 domini
939 3333 1140 3417 Regis
1174 3333 1449 3400 formam
1475 3335 1711 3420 judicij
1766 3337 2248 3407 continentibus
2302 3361 2558 3429 compe-

312 3452 519 3517 rimus
553 3445 908 3514 euidenter.
962 3441 1482 3511 Aduenientibus
1517 3442 1736 3527 itaque
1776 3445 1941 3528 ipsis
1993 3447 2339 3530 quindenis
2370 3452 2564 3519 Beati

313 3555 583 3639 Georgii
618 3551 926 3629 martiris,
961 3550 1115 3633 quia
1137 3549 1439 3617 dominus
1460 3552 1600 3616 Rex
1632 3550 1850 3637 ipsam
1872 3572 2148 3624 causam
2180 3557 2371 3623 nobis
2393 3578 2560 3625 eom-

310 3667 587 3735 miserat
637 3659 1056 3729 iudicandam
1093 3666 1158 3725 et
1207 3658 1437 3726 ordine
1486 3658 1646 3727 iuris
1681 3660 2161 3749 decidendam,
2205 3665 2561 3736 Ladizlaus

312 3786 381 3842 et
411 3776 592 3839 Dees
627 3771 843 3838 dictas
879 3769 1131 3835 litteras
1184 3765 1573 3835 falsificatas
1607 3769 2028 3837 exhibuerint
2077 3771 2146 3838 in
2177 3778 2381 3842 nostri
2411 3797 2555 3863 pre-

311 3881 568 3964 sencia,
600 3885 671 3946 ut
703 3877 1080 3956 debebant,
1133 3876 1334 3943 iidem
1366 3894 1521 3941 uero
1554 3876 1736 3944 Zoda
1775 3885 1840 3945 et
1870 3880 2034 3946 Bors
2068 3901 2184 3966 pro
2236 3901 2310 3951 se
2343 3892 2411 3951 et
2439 3905 2560 3970 pro

309 3997 464 4080 ipso
496 3986 770 4056 Nicolao
806 3991 1260 4071 comparentes
1314 3984 1751 4055 exhibuerunt
1784 3990 2106 4072 quasdam
2151 3989 2408 4062 litteras
2439 3994 2562 4062 sub

310 4101 572 4170 duobus
605 4097 842 4184 sigillis
874 4095 1132 4164 anuleis
1163 4096 1231 4161 in
1263 4096 1387 4163 hec
1415 4099 1623 4166 uerba
1655 4120 1670 4161 ε

534 4208 810 4276 Domine
840 4208 1000 4274 Rex.
1039 4207 1534 4290 Conqueruntur
1565 4207 1756 4275 uobis
1793 4206 2134 4295 Gelyanus
2187 4215 2255 4278 et
2283 4212 2564 4282 Donach

310 4317 579 4390 Judices
624 4319 705 4384 de
739 4317 1062 4385 Comitatu
1094 4314 1636 4402 Wezprimyensi‚
1671 4324 1738 4383 et
1785 4324 2021 4404 petunt
2070 4319 2563 4392 Excellenciam

315 4430 623 4496 Vestram
677 4424 1154 4513 supplicando,
1211 4424 1387 4507 quod
1422 4424 2004 4496 Ladizlaus.filius
2053 4429 2236 4497 Rusd
2288 4437 2353 4496 et
2385 4434 2563 4500 Dees

315 4539 490 4605 filius
526 4533 888 4622 Tyburchij
917 4532 1198 4612 litteras,
1235 4550 1403 4615 quas
1435 4533 1502 4598 in
1537 4532 1770 4600 Vestre
1805 4530 2178 4604 Maiestatis
2212 4539 2565 4622 presencia

311 4648 382 4712 in
415 4644 671 4712 octauis
705 4642 860 4729 diey
913 4660 1224 4729 cynerum
1256 4642 1394 4723 legi
1422 4639 1717 4709 fecerunt
1758 4649 1990 4711 eontra
2023 4644 2210 4712 Zoda
2227 4695 2246 4728 ,
2301 4646 2463 4714 Bors
2496 4654 2563 4716 et

310 4755 663 4822 Nicolaum
701 4753 784 4818 de
815 4749 1124 4815 Zurchuk
1158 4769 1354 4837 super
1388 4767 1465 4814 eo
1487 4800 1505 4834 ,
1560 4757 1628 4817 ut
1667 4753 1794 4835 ipsi
1836 4753 2108 4821 eosdem
2140 4775 2340 4839 super
2386 4762 2566 4827 terra
