3416 5313
1783 408 2007 505 .-446
2061 500 2083 502 f*

1888 1041 2005 1107 92.

825 1242 1015 1307 Vo‘rb's
1044 1210 1686 1324 A'brahdmpozsonyi
1701 1237 2100 1322 udvamlspa'n
2138 1237 2255 1305 IV.
2289 1235 2654 1301 Ldszldnak
2678 1197 2864 1303 lavde
2881 1233 3066 1322 soly-

812 1355 925 1414 ta'n
954 1348 1367 1431 rendelkezik‚
1403 1370 1445 1410 α
1467 1347 1593 1411 III.
1630 1346 1938 1410 Endre'tb'l
1967 1345 2288 1410 kikucd‘ott
2337 1369 2368 1407 s
2399 1355 2799 1437 meqnevezett
2850 1343 3064 1408 bireik-

1070 1455 1181 1521 kal
1211 1466 1437 1543 eyyit'tt,
1471 1451 1687 1520 Csilrle
1723 1456 1782 1519 e's
1815 1452 2115 1540 Sintpery
2147 1454 2547 1520 birtolcokrdl.
2586 1455 2780 1517 1295.

1023 1655 1163 1721 Nos
1195 1653 1535 1720 Abraham
1567 1653 1794 1721 Ruffus
1834 1649 2120 1721 Curialis
2174 1650 2411 1720 Comes
2467 1650 2884 1719 Posoniensis
2924 1669 3061 1715 om-

811 1765 1003 1831 nibus
1055 1762 1286 1849 quibus
1337 1763 1608 1849 expedit
1643 1760 2084 1846 significamus
2118 1760 2529 1844 presencium
2573 1779 2691 1845 per
2742 1766 3061 1841 tenorem,

811 1873 987 1957 quod
1019 1870 1268 1939 nobiles
1317 1871 1439 1938 viri
1469 1870 1806 1938 Johannes
1824 1919 1844 1954 ,
1878 1869 2135 1951 Petrus,
2171 1867 2286 1952 filij
2321 1868 2660 1936 Benedicti
2693 1866 2773 1934 de
2815 1865 3065 1954 Okon,

811 1981 1194 2049 exibuerunt
1227 1975 1397 2067 (igy)
1430 1981 1621 2047 nobis
1641 1978 1898 2049 litteras
1933 1976 2176 2046 domini
2199 1977 2519 2066 Ladizlay
2540 1976 2825 2045 Illustris
2860 1996 3061 2059 quon-

810 2091 963 2157 dam
995 2088 1199 2174 Regis
1247 2086 1538 2168 Vngarie
1588 2105 1785 2172 super
1837 2085 2261 2170 possessione
2318 2088 2609 2170 ipsorum
2668 2085 2946 2153 Churlee
2990 2089 3064 2150 et

809 2197 1115 2282 Simperk
1148 2203 1506 2278 emanatas
1549 2214 1713 2278 quas
1747 2214 1894 2263 cum
1928 2195 2311 2261 fecissemus
2349 2192 2627 2280 perlegi,
2664 2193 3060 2276 inuenimus,

811 2304 982 2391 quod
1007 2304 1176 2372 dicte
1208 2304 1666 2388 possessiones
1692 2324 1839 2370 cum
1872 2304 2169 2371 omnibus
2204 2302 2346 2371 suis
2379 2284 2781 2370 utilitatibus
2818 2310 2882 2368 et
2913 2322 3062 2386 per-

810 2413 1135 2502 tinenciJS,
1159 2415 1328 2480 sicut
1360 2412 1694 2497 Stephano
1719 2420 1784 2480 et
1816 2411 2093 2480 Nicolao
2125 2411 2281 2499 filijs
2306 2412 2591 2491 Rechee,
2624 2413 2721 2480 sic
2750 2412 3061 2492 Johanni,

812 2526 1003 2591 Petro
1037 2529 1102 2589 et
1134 2523 1334 2591 Paulo
1356 2520 1514 2608 filijs
1533 2519 1872 2623 Benedicti
1895 2528 2272 2606 spectarent
2305 2529 2371 2588 et
2393 2522 2888 2590 dinoscerentur
2917 2522 3062 2586 iure

809 2639 1120 2719 perpetuo
1172 2628 1587 2716 possidende.
1641 2629 1892 2709 Quibus
1925 2631 2230 2716 perlectis
2284 2629 2632 2720 diligenter
2666 2632 3062 2717 circumspe-

811 2741 934 2811 ctis
967 2761 1238 2808 vnacum
1285 2739 1621 2824 judicibus
1672 2761 1791 2826 per
1823 2738 2152 2806 dominum
2204 2747 2496 2808 nostrum
2546 2741 2878 2819 Andream
2928 2742 3062 2809 Dei

809 2851 1037 2936 gracia
1066 2849 1395 2917 Illustrem
1426 2851 1626 2935 Regis
1662 2845 1835 2936 (igy)
1872 2850 2163 2933 Vngarie
2198 2850 2551 2935 deputatis,
2587 2851 2901 2920 videlicet
2934 2849 3060 2917 Co-

810 2961 964 3027 mite
997 2959 1249 3028 Jacobo
1299 2957 1582 3042 Magno,
1636 2959 1830 3023 Petro
1882 2965 1946 3026 et
1995 2957 2321 3027 Farkasio
2357 2959 2765 3045 comitibus,
2815 2963 3060 3050 Magno

810 3074 1024 3153 Petro,
1057 3068 1211 3136 item
1244 3066 1492 3136 Comite
1513 3068 1865 3135 Salamone
1897 3068 1978 3134 de
2009 3068 2271 3156 Kelety,
2296 3067 2553 3134 Comite
2573 3068 2893 3152 Pamlino‚
2930 3068 3058 3135 Co-

806 3178 962 3245 mite
993 3178 1219 3245 Blasio
1255 3177 1337 3243 de
1371 3176 1580 3244 Gutur
1598 3228 1618 3262 ,
1671 3175 2077 3243 decreuimus
2113 3177 2378 3243 iusticia
2413 3176 2754 3266 suadente,
2787 3185 2855 3244 ut
2896 3177 3060 3246 dicti

804 3287 920 3372 filij
953 3285 1291 3353 Benedicti
1327 3288 1368 3353 J
1373 3286 1683 3368 ohannes,
1710 3286 1939 3352 Petrus
1963 3292 2029 3351 et
2052 3285 2361 3369 magister
2383 3288 2647 3372 Paulus,
2676 3285 3054 3370 porcionem

807 3396 1096 3482 ipsorum
1128 3395 1195 3460 in
1227 3393 1419 3462 dictis
1452 3395 1979 3478 possessionibus
2032 3393 2313 3464 Ghurlee
2345 3402 2410 3461 et
2462 3396 2764 3482 Simperg
2811 3414 3058 3462 nuncu·
3089 3457 3092 3462 ,

808 3505 983 3592 patis
1013 3504 1288 3590 pacifice
1344 3510 1409 3568 et
1444 3503 1658 3587 quiete
1691 3504 2115 3589 possideant,
2151 3505 2342 3573 salua
2388 3504 2699 3589 porcione
2734 3503 3056 3590 Stephani

808 3621 873 3680 et
901 3615 1164 3684 Nicolai
1196 3613 1467 3680 filiorum
1502 3614 1756 3681 Rechee
1795 3619 2177 3681 remanente
2198 3662 2215 3689 ‚
2265 3617 2332 3677 ut
2383 3631 2508 3680 nec
2540 3611 2657 3699 filij
2709 3613 3057 3682 Benedicti

808 3723 1480 3809 porcionem-Rechee,
1502 3742 1620 3787 nec
1641 3722 1758 3807 filij
1793 3722 2029 3806 Reche,
2057 3723 2164 3791 uel
2183 3722 2469 3808 ipsorum
2501 3721 2928 3807 posteritates
2958 3724 3055 3789 uti

808 3834 1055 3917 possint
1087 3832 1356 3899 alterius
1390 3831 1769 3916 porcionem
1790 3828 1962 3918 (igy)
1997 3839 2227 3898 contra
2250 3830 2597 3900 cuiuslibet
2616 3833 3051 3920 uoluntatem,

810 3940 930 4009 sed
963 3939 1238 4022 quilibet
1270 3940 1556 4028 ipsorum
1603 3958 1723 4004 sua
1757 3941 2069 4024 porcione
2101 3940 2483 4024 gratuletur,
2520 3957 2638 4006 sev
2671 3937 2941 4007 fruatur.
2974 3940 3053 4008 In

812 4052 986 4117 cuius
1017 4050 1525 4132 rei‘memoriam
1557 4054 1819 4117 nostras
1845 4048 2290 4115 concessimus
2322 4048 2575 4115 litteras
2608 4048 2809 4131 sigilli
2843 4048 3052 4116 nostri

807 4156 1155 4226 munimine
1205 4155 1572 4225 roboratas.
1624 4157 1868 4223 Datum
1925 4178 2098 4226 anno
2149 4157 2412 4224 Domini
2462 4156 2561 4223 M⁰
2592 4157 2733 4225 00⁰
2764 4176 3049 4243 nonage-

809 4265 979 4334 simo.
1007 4262 1228 4348 quinto
1262 4265 1328 4328 in
1370 4262 1539 4331 festo
1574 4263 1785 4331 Beate
1818 4263 2016 4330 Lucie
2049 4262 2337 4349 Virginis
2370 4284 2450 4330 ac
2482 4265 2788 4333 martiris.

807 4441 1036 4516 (Kiirva
1078 4462 1116 4501 a
1166 4441 1734 4516 pozsonykaptalani
1779 4435 2053 4515 orszagos
2097 4440 2462 4501 leveltarnak
2501 4441 2692 4513 Capsa
2716 4443 2841 4502 VII.
2881 4443 3048 4504 Fasc.

1234 4535 1283 4590 1.
1309 4537 1359 4589 2.
1387 4519 1457 4591 A'.
1479 4522 1789 4603 szdmsbffl,
1817 4532 1992 4593 alubb
2019 4536 2142 4591 101.
2168 4551 2251 4590 sz.
2276 4552 2330 4592 a.
2359 4535 2592 4605 Knauz.)

1661 4833 2200 4852 ”W
