3416 5313
1718 483 1785 496 „-
1823 396 1958 464 270

1814 1060 1953 1126 1⁷5.

760 1259 858 1324 ΑΖ
908 1258 1147 1345 erdc'lyi
1204 1258 1516 1344 kdptalan
1578 1256 2106 1345 bizonysdylevele
2126 1308 2143 1340 ,
2207 1257 2368 1345 hoyy
2443 1256 2713 1324 Wdrdaei
2784 1258 3017 1320 Tamais

762 1368 952 1431 Buzd
1012 1367 1345 1433 birtoknak
1393 1365 1728 1451 feleresze't
1801 1366 2045 1430 Winczi
2092 1366 2389 1431 Herbord
2448 1363 2730 1452 yrdfnak
2780 1365 3012 1432 eladta.

1666 1473 2131 1537 1290—1301.
2276 1481 2281 1484 ’

985 1668 1358 1755 Capitulum
1391 1653 1688 1739 Ecclesie
1724 1672 1919 1738 Beati
1950 1670 2299 1739 Michaelis
2336 1669 2743 1755 Archangeli
2775 1670 3020 1737 Trans-

768 1769 1024 1847 siluanc
1056 1778 1381 1847 vniuersis
1414 1779 1657 1846 Christi
1691 1778 2002 1846 fidelibus
2036 1796 2314 1864 presens
2336 1779 2654 1864 scriptum
2688 1778 3019 1865 inspectu-

769 1888 859 1954 ris
908 1890 1190 1955 salutem
1224 1889 1290 1952 in
1344 1889 1630 1955 omnium
1665 1887 2025 1956 saluatore.
2070 1889 2543 1956 Vniuersorum
2593 1887 2835 1955 noticie
2884 1894 3022 1953 tam

770 1997 1181 2082 presencium
1216 2017 1410 2081 quam
1463 1989 1827 2066 futurorum
1859 1999 2091 2066 harum
2125 2001 2296 2066 serie
2335 1996 2750 2066 declaramus
2772 2048 2789 2081 ,
2845 1998 3026 2083 quod

773 2104 1059 2174 Thomas
1111 2105 1285 2172 filius
1320 2093 1496 2172 Petri
1546 2108 1629 2174 de
1661 2104 1955 2189 Warda,
2006 2108 2509 2192 presencialiter
2559 2125 2778 2174 coram
2829 2105 3025 2171 nobis

776 2214 1186 2300 constitutus,
1239 2221 1302 2280 et
1353 2213 1690 2283 confessus
1745 2233 1819 2280 se
1873 2215 2149 2281 totalem
2202 2214 2627 2281 medietatem
2680 2213 3027 2282 cuiusdam

775 2320 1217 2405 possessionis
1249 2341 1367 2387 sue
1401 2321 1583 2389 Buzd
1615 2328 1870 2408 uocate,
1906 2321 2310 2408 indistincte,
2343 2322 2630 2389 indivise
2664 2330 2730 2390 et
2768 2322 3028 2408 insepa-

759 2415 941 2512 rate,
971 2428 1221 2511 absque
1256 2429 1464 2511 metis,
1504 2429 1711 2513 signis
1745 2449 1862 2496 seu
1895 2426 2213 2514 terminis,'
2241 2438 2379 2496 tam
2415 2430 2480 2496 in
2512 2430 2705 2497 terris
2755 2430 3028 2496 arabili-

774 2534 919 2622 buS,
950 2556 1146 2620 quam
1177 2537 1245 2602 in
1278 2537 1456 2621 alijs,
1494 2538 1807 2604 uidelicet
1824 2539 2053 2623 pratis,
2095 2538 2358 2625 fenetis,
2384 2540 2590 2616 siluis,
2631 2538 2934 2621 uirgultis
2963 2545 3031 2605 et

782 2634 1191 2731 nemoribus,
1244 2651 1316 2713 ut
1346 2665 1467 2731 per
1515 2666 1668 2714 suos
1701 2648 2156 2733 progenitores
2206 2648 2357 2735 ipsa
2404 2655 2581 2715 terra
2634 2646 2721 2714 ab
2756 2645 3029 2729 antiquo

783 2761 883 2823 est
917 2752 1222 2819 habitata
1254 2761 1319 2820 et
1348 2773 1702 2839 possessa,
1740 2755 2014 2822 dedisse
2036 2806 2052 2838 ,
2086 2755 2446 2822 tradidisse
2481 2761 2547 2821 et
2579 2752 3027 2821 irreuocabili-

722 2903 729 2910 -
776 2871 875 2932 ter
911 2861 1310 2947 uendidisse,
1351 2862 1851 2950 produodecim
1885 2864 2130 2930 marcis
2165 2863 2280 2928 fini
2305 2866 2565 2948 argenti
2600 2863 2840 2930 Comiti
2872 2864 3035 2929 Her-

780 2972 983 3039 bordo
1016 2974 1152 3039 filio
1185 2974 1465 3058 Heneng
1497 2964 1578 3038 de
1611 2973 1826 3058 wine,
1863 2971 2333 3060 possidendam
2370 2974 2506 3040 iure
2558 2980 2871 3059 perpetuo
2911 2990 3033 3055 per

775 3079 948 3148 filios
980 3078 1282 3164 filiorum,
1306 3081 1597 3165 acceptis
1633 3087 1697 3148 et
1732 3081 1928 3165 plene
1960 3078 2203 3147 habitis
2232 3080 2396 3167 ipsis
2421 3077 2762 3146 duodecim
2784 3080 3030 3146 marcis

777 3208 898 3275 per
930 3190 1147 3271 ipsum
1180 3188 1498 3255 Thomam
1523 3240 1540 3274 ,
1575 3199 1645 3255 ut
1681 3189 1856 3255 idem
1895 3187 2099 3273 dixit,
2134 3206 2176 3251 a
2210 3187 2462 3254 Oomite
2494 3186 2835 3254 Herbordo
2884 3205 3031 3272 pre-

782 3303 1031 3364 notato.
1067 3294 1208 3373 Que
1232 3297 1496 3380 quidem
1527 3300 1867 3382 possessio
1900 3317 1942 3362 a
1974 3302 2162 3383 parte
2195 3297 2614 3363 meridionali
2647 3294 2836 3365 terris
2870 3294 3032 3361 uille

778 3405 1174 3488 Ruhcmark,
1210 3425 1251 3469 a
1282 3412 1468 3490 parte
1519 3403 1922 3472 occidentali
1952 3406 2146 3472 terris
2179 3404 2457 3471 filiorum
2500 3402 2721 3489 Cheel‚
2775 3404 3034 3489 Spreng

778 3513 1058 3597 uocatis,
1095 3531 1137 3576 a
1169 3520 1360 3598 parte
1397 3532 1553 3579 uero
1588 3514 2090 3599 septentrionali
2123 3522 2203 3580 et*
2222 3513 2524 3581 orientali
2555 3513 2749 3580 terris
2782 3512 3034 3580 Scekes

785 3627 1231 3689 commetatur.
1284 3622 1370 3687 vt
1402 3622 1603 3707 igitur
1654 3642 1931 3707 presens
1964 3621 2263 3687 uendicio
2299 3628 2362 3689 et
2405 3621 2657 3707 empcio
2710 3626 3032 3704 perpetuo

786 3737 1222 3813 perseuerent‘,
1260 3730 1349 3798 ad
1384 3730 1773 3798 instanciam
1809 3738 1873 3797 et
1904 3731 2292 3819 peticionem
2319 3730 2570 3797 Thome
2602 3749 2681 3796 ac
2706 3725 3033 3793 Herbordi

788 3837 1226 3923 predictorum
1261 3844 1602 3923 presentes
1637 3840 2082 3907 concessimus
2114 3840 2379 3908 litteras
2414 3836 2766 3903 munimine
2806 3841 3036 3900 auten-

780 3945 894 4010 tici
928 3944 1128 4031 sigilli
1178 3946 1385 4013 nostri
1436 3947 1866 4016 communitas
1899 3984 1984 3995 ——
2019 3984 2101 3996 -
2138 3944 2379 4013 Datum
2429 3963 2598 4011 anno
2650 3942 2913 4010 Domini
2949 3977 3035 3989 --

779 4089 1226 4106 ———.—.

862 4247 1139 4316 (Teutsch
1168 4246 1232 4305 es
1259 4248 1581 4307 Firnhaber
1607 4250 1683 4307 id.
1712 4270 1785 4307 m.
1813 4249 1856 4307 1.
1884 4248 2004 4309 kat.
2031 4248 2154 4307 223.
2180 4248 2218 4305 l.
2245 4248 2283 4305 l.
2313 4248 2439 4306 sent
2484 4269 2520 4306 a
2548 4248 2669 4305 173.
2698 4244 2962 4315 szamot.)

1669 4566 1764 4579 ψ,
1792 4569 1821 4573 ,-
1872 4567 2155 4575 ,.“,ψ..,-.,...,
