3416 5313
1519 369 1556 431 7

1368 455 1699 466 ι--μ--ω-κ-

414 574 589 636 mata
618 566 1004 650 prudentius
1058 562 1476 644 reformaret,
1530 584 1607 628 ac
1658 564 1966 629 evelleret
2000 569 2065 628 et
2101 563 2466 631 destrueret
2497 563 2658 629 vitia

414 676 871 761 plantaretque
905 676 1198 751 virtutes,
1236 692 1314 738 ac
1348 671 1529 739 iuxta
1560 671 1843 753 gratiam
1880 691 1920 735 a
1953 670 2231 737 Domino
2273 669 2398 734 sibi
2435 672 2657 739 datam

412 783 784 850 huiusmodi
816 782 1130 867 periculis
1184 782 1482 849 obviaret
1517 806 1532 846 ε
1566 799 1684 865 per
1722 781 1907 871 cuius
1941 779 2386 844 ⁴ministerium
2438 781 2652 861 provi-

414 894 563 959 dum
600 898 664 958 et
695 890 1105 978 prudentiam
1129 890 1671 973 circumspectam
1693 888 1917 970 multa,
1942 893 2133 970 prout
2169 886 2656 955 venerabilibus

412 1000 722 1068 fratribus
754 998 1019 1083 nostrie,
1064 997 1389 1064 universis
1422 994 1963 1081 Archiepiscopis
1987 1046 2002 1075 ,
2038 993 2385 1079 Episcopis
2406 1043 2422 1076 ,
2467 1002 2532 1061 et
2564 996 2659 1062 di-

414 1108 604 1175 lectis
638 1107 789 1172 filiis
823 1107 1069 1174 Electis
1089 1156 1107 1189 ,
1163 1104 1529 1173 Abbatibus
1565 1111 1628 1170 et
1662 1103 1815 1172 aliis
1850 1102 2298 1171 Ecclesiarum
2349 1103 2655 1186 Prelatis‚

414 1235 496 1280 ac
528 1215 852 1284 nobilibus
885 1214 1043 1283 viris
1077 1214 1369 1279 Ducibus
1390 1263 1408 1296 ,
1464 1209 1972 1291 MarchionibuS,
2009 1209 2405 1294 comitibus,
2459 1210 2655 1278 Baro·

411 1324 604 1390 nibus
638 1330 702 1388 et
735 1307 1058 1390 universis
1092 1321 1332 1388 Christi
1367 1318 1665 1385 fidelibus
1699 1339 1816 1403 per
1840 1323 2140 1404 Regnum
2179 1317 2470 1403 Ungarie
2507 1338 2655 1386 con-

410 1433 652 1504 stitutis
684 1452 816 1497 non
852 1432 1245 1499 arbitramur
1278 1430 1672 1511 incognitum
1694 1480 1712 1512 ,
1766 1429 1855 1496 ad
1885 1427 2123 1496 bonum
2155 1437 2219 1493 et
2252 1427 2656 1497 laudabilem

410 1548 658 1609 statum
690 1558 1114 1624 personarum
1171 1536 1766 1606 ecclesiasticarum
1818 1542 1885 1601 et
1916 1536 2309 1602 secularium
2343 1536 2501 1603 dicti
2533 1537 2653 1602 Re-

408 1651 540 1734 gni,
575 1654 823 1717 statuta
855 1654 921 1713 et
952 1648 1254 1714 ordinata
1286 1650 1567 1729 fuerunt,
1620 1645 1828 1711 oculis
1860 1646 2100 1712 Divine
2152 1644 2519 1712 Maiestatis
2552 1663 2656 1712 ac-

411 1765 626 1843 cepta,
664 1764 728 1822 et
758 1757 885 1841 ipsi
918 1757 1143 1839 Regno
1177 1774 1253 1824 ac
1291 1756 1435 1822 eius
1471 1755 1952 1824 habitatoribus
1985 1752 2346 1836 fructuosa,
2383 1771 2652 1837 quorum

409 1867 653 1949 aliqua,
688 1866 1152 1951 proutmultos
1185 1884 1267 1929 ex
1300 1864 1852 1950 Archiepiscopis‚
1903 1861 2268 1949 Episcopis,
2305 1860 2655 1930 Nobilibus

409 1980 473 2039 et
499 1976 646 2044 aliis
681 1976 1099 2060 supradictiS,
1135 1980 1208 2040 ut
1242 1975 1608 2057 credimus,
1645 1971 1805 2039 facti
1847 1970 2183 2039 evidentia
2233 1970 2485 2053 docuit,
2541 1991 2657 2055 per

405 2083 788 2150 iamdictam
822 2085 1068 2169 Regem
1101 2084 1427 2167 promissa
1459 2091 1523 2148 et
1555 2084 1771 2151 iurata
1804 2082 2064 2150 fuerunt
2100 2068 2217 2146 sub
2249 2080 2654 2164 obligatione

409 2211 531 2259 sua
564 2200 629 2258 et
679 2197 870 2260 etiam
908 2194 1062 2260 dicti
1114 2194 1363 2277 Regni3
1397 2192 1517 2260 sed
1549 2194 1721 2259 idem
1774 2193 1914 2259 Rex
1945 2190 2383 2279 promissione
2409 2241 2426 2274 ,
2479 2191 2653 2257 iura·

410 2308 626 2368 mento
661 2309 726 2367 et
757 2303 1160 2386 obligatione
1191 2302 1558 2367 huiusmodi
1592 2300 1849 2369 omnino
1885 2297 2280 2383 contemptis
2306 2349 2323 2382 ,
2356 2298 2655 2381 predicta

410 2429 540 2476 non
570 2411 895 2493 servavit,
949 2412 1096 2477 dum
1131 2411 1414 2495 viveret3
1467 2418 1635 2477 etse
1687 2409 2074 2494 recognovit
2126 2410 2324 2476 etiam
2357 2426 2489 2472 non
2524 2425 2654 2472 ser-

411 2539 604 2585 vasse
624 2570 642 2603 ‚
692 2519 862 2584 sicut
894 2538 974 2584 ea
1006 2538 1124 2603 per
1171 2524 1477 2604 patentes
1510 2524 1832 2602 apparent
1873 2518 2165 2602 apertius
2198 2517 2456 2582 litteras
2479 2568 2497 2601 ‚
2531 2533 2656 2597 que

408 2628 471 2692 in
506 2627 771 2697 archivo
825 2626 1018 2693 Sedis
1069 2628 1452 2712 Apostolice
1509 2629 1981 2716 conservantur
2002 2673 2022 2707 ,
2057 2630 2324 2710 propter
2377 2622 2555 2707 quod
2588 2624 2654 2689 in

412 2738 639 2804 eodem
671 2740 896 2819 Regno
931 2738 1338 2806 turbationes
1393 2737 1794 2822 multiplices
1816 2787 1833 2820 ‚
1887 2736 2338 2804 dissensiones
2374 2739 2439 2800 et
2469 2754 2655 2802 scan-

412 2845 565 2913 dala
597 2847 829 2932 gravia
880 2847 1308 2930 contigerunt.
1359 2843 1550 2912 Unde
1585 2864 1704 2911 nos
1740 2865 1917 2912 more
1970 2845 2064 2928 pii
2097 2843 2307 2929 patris
2344 2844 2655 2926 compati-

412 2959 595 3020 entes
626 2960 762 3022 tam
793 2954 1157 3038 periculoso
1192 2955 1394 3020 statui
1427 2956 1585 3021 dicti
1620 2955 1871 3041 Regni,
1925 2954 2375 3039 disposuimus
2415 2953 2501 3018 ad
2535 2954 2653 3018 Re-

409 3082 604 3146 gnum
639 3064 850 3148 ipsum
883 3064 1215 3132 destinare
1246 3065 1607 3147 Legatum,
1665 3065 1755 3130 ad
1787 3062 2267 3148 pacificandum
2300 3062 2465 3128 illud
2485 3111 2501 3144 ,
2556 3077 2655 3128 se·

411 3170 695 3237 dandum
728 3172 1131 3241 turbationes
1167 3172 1395 3258 ipsiuS‚
1421 3179 1483 3239 et
1515 3172 1838 3258 prefatum
1863 3171 2111 3256 Regem
2145 3169 2232 3238 ad
2260 3169 2434 3236 viam
2461 3158 2657 3234 ‘recti-

411 3280 652 3348 tudinis
685 3287 751 3348 et
783 3282 1014 3347 salutis
1048 3281 1133 3346 ab
1167 3281 1403 3346 erroris
1439 3281 1635 3364 invio,
1670 3298 1786 3366 per
1821 3277 1994 3364 quod
2028 3277 2393 3363 periculose
2429 3296 2653 3341 nosce-

410 3393 602 3458 batur
633 3389 961 3472 incedere,
995 3390 1456 3457 reducendum.
1494 3391 1574 3455 Et
1607 3389 1763 3474 quia
1796 3389 2051 3473 prefato
2093 3389 2277 3473 Rege
2312 3389 2506 3454 rebus
2541 3386 2651 3451 hu-

410 3500 618 3566 manis
654 3504 997 3585 exempto,
1052 3498 1341 3566 eiusdem·
1373 3500 1586 3585 Regni
1619 3498 2026 3566 turbationes
2081 3503 2147 3563 et
2183 3496 2474 3583 pericula
2526 3514 2654 3559 non

412 3617 772 3691 cessarunt,
806 3609 935 3674 imo
969 3612 1276 3695 graviora
1296 3609 1624 3691 timentur,
1658 3617 1923 3694 propter
1947 3608 2120 3692 quod
2153 3607 2389 3693 Legati
2425 3624 2651 3688 supra-

411 3716 569 3782 dicti
600 3717 935 3799 presentia
967 3718 1034 3781 in
1066 3719 1291 3803 Regno
1325 3716 1470 3801 ipso
1519 3718 1732 3803 magis
1766 3739 1844 3784 ac
1876 3716 2087 3801 magis
2119 3715 2259 3780 fore
2296 3707 2653 3781 dinoscitur

412 3833 751 3909 oportuna,
786 3833 869 3909 te,
906 3823 1113 3891 virum
1149 3826 1369 3908 utique
1403 3826 1751 3911 providum
1784 3832 1846 3889 et
1880 3826 2263 3908 discretum,
2300 3809 2651 3891 zelatorem

404 3937 698 4019 justitie,
745 3955 831 4013 ac
864 3934 1050 4002 nobis
1085 3940 1149 3998 et
1180 3934 1496 4001 fratribus
1546 3935 1785 4001 nostris
1841 3933 2072 4000 merito
2126 3920 2237 3999 tue
2268 3929 2652 4017 multiplicis

409 4046 759 4133 probitatis
792 4051 1137 4131 acceptum
1160 4093 1178 4126 ,
1209 4041 1604 4109 fiducialiter
1636 4041 1725 4108 ad
1758 4042 2084 4127 prefatum
2114 4041 2417 4127 Regnum
2442 4090 2460 4125 ,
2511 4047 2650 4109 tan-

415 4176 609 4241 quam
643 4153 828 4241 pacis
861 4154 1163 4236 angelum
1185 4150 1615 4233 destinamus,
1649 4159 1723 4217 ut
1753 4158 1823 4217 tu
1858 4153 1938 4217 de
1962 4138 2136 4216 statu
2169 4151 2378 4236 ipsius
2416 4149 2652 4233 Regni,

413 4287 494 4333 ac
528 4266 669 4330 eius
705 4259 1163 4329 circumstatiis
1200 4271 1262 4322 et
1316 4259 1799 4328 conditionibus
1847 4259 2207 4343 universis,
2254 4264 2319 4323 et
2370 4255 2653 4341 qualiter

409 4376 478 4443 in
510 4374 741 4440 melius
775 4369 969 4453 dirigi
1003 4376 1068 4434 et
1097 4366 1348 4435 salubri
1369 4368 1684 4452 regimine
1717 4369 1938 4436 valeat
1959 4369 2334 4456 gubernari,
2368 4365 2650 4434 fideliter

412 4482 600 4568 plene
636 4488 701 4547 et
733 4478 1011 4547 sollicite
1044 4476 1411 4543 informeris
1436 4528 1452 4558 ,
1504 4484 1568 4541 et
1600 4474 1740 4544 Nos
1763 4527 1777 4554 ‚
1811 4478 2050 4561 quibus
2084 4475 2243 4543 dicti
2273 4476 2523 4558 Regni,
2557 4479 2650 4538 ut·

414 4604 566 4683 pote
600 4595 686 4662 ad
716 4594 1076 4660 Romanam
1108 4586 1475 4652 Ecclesiam
1513 4587 1898 4671 pertinentis
1920 4637 1937 4670 ‚
1988 4607 2143 4653 cura
2176 4577 2522 4670 peculiaris
2557 4582 2648 4645 in-

416 4705 676 4784 cumbit,
712 4710 844 4770 tam
877 4691 1088 4788 perte
1111 4745 1129 4780 ,
1164 4712 1361 4784 quam
1394 4715 1510 4781 per
1544 4687 2093 4788 Archi'episcopos
2115 4744 2131 4777 ,
2187 4692 2548 4790 Episcopos
2585 4695 2649 4766 et
