3416 5313
1447 401 1578 469 239
1627 492 1677 500 ῃ

385 601 829 689 predictorum
865 597 1166 668 Ladizlai
1187 648 1205 681 ‚
1241 595 1417 664 Dees
1451 602 1515 664 et
1548 603 1968 680 cognatorum
2008 616 2268 666 suorum
2288 650 2305 685 ,
2343 608 2409 668 et
2441 603 2503 668 in
2542 601 2639 666 fa-

383 721 490 780 cto
522 712 812 781 indebite
847 708 1255 777 detencionis
1279 714 1449 774 terre
1470 706 1809 793 Reginalis
1842 706 2505 792 Arkybanazurchuk
2526 732 2636 779 vo-

385 827 554 904 cate,
592 840 791 903 quam
825 818 1082 886 scilicet
1136 814 1500 882 indebitam
1535 814 1984 882 detencionem
2019 821 2192 883 terre
2224 839 2339 904 per
2372 821 2637 888 eosdem

382 929 640 998 nobiles
675 930 921 996 factam
952 926 1156 993 iidem
1191 924 1546 992 Ladizlaus
1580 930 1644 991 et
1677 926 1854 992 Dees
1889 924 2189 993 similiter
2219 947 2362 994 cum
2396 929 2636 997 litteris

380 1037 811 1119 inquisitoriis
845 1035 1386 1120 comprobarunt,
1442 1034 1690 1115 Zodan‚
1730 1035 1895 1099 Bors
1929 1040 1994 1100 et
2035 1035 2384 1103 Nicolaum
2417 1040 2635 1123 predi·

382 1151 544 1231 ctos,
581 1154 893 1229 tanquam
934 1145 1281 1225 violentos,
1321 1151 1385 1209 et
1417 1140 1483 1208 in
1519 1163 1596 1209 eo
1619 1192 1635 1225 ,
1689 1142 1842 1225 quia
1876 1142 2076 1208 iidem
2125 1146 2193 1211 in
2226 1146 2635 1215 exhibicione

381 1254 705 1319 falsarum
729 1255 1088 1319 litterarum
1117 1258 1430 1334 tanquam
1452 1248 1710 1317 falsarii
1732 1249 1798 1314 in
1832 1253 1970 1316 suis
1993 1250 2483 1321 defensionibus
2505 1275 2635 1321 om·

381 1363 540 1428 nino
594 1361 995 1441 defecerunt,
1029 1360 1215 1427 iuxta
1248 1364 1498 1427 statuta
1527 1358 1741 1442 Regni
1772 1358 1840 1423 in
1877 1376 2098 1425 eorum
2137 1363 2436 1445 personis
2487 1365 2636 1445 igne

384 1470 774 1538 cremandos
803 1476 872 1533 et
904 1475 1110 1533 morte
1145 1467 1370 1534 debita
1422 1464 2006 1551 condempnandos
2059 1467 2325 1533 eosdem
2376 1477 2632 1536 senten-

380 1578 640 1644 cialiter
672 1576 1083 1649 decreuimus
1117 1582 1432 1658 tanquam
1468 1575 1994 1642 destruccionum
2031 1583 2097 1640 et
2129 1575 2452 1645 violencie
2486 1598 2628 1662 per-

379 1693 771 1768 petratores,
807 1690 997 1768 prout
1030 1685 1331 1769 superius
1375 1692 1524 1752 sunt
1558 1701 1895 1768 expressa,
1931 1690 1996 1749 et
2031 1687 2486 1769 possessiones
2521 1707 2633 1755 eo-

378 1813 519 1858 rum
551 1793 896 1860 Vniuersas
915 1841 933 1873 ,
987 1791 1426 1859 hereditarias
1479 1798 1542 1855 et
1575 1792 1708 1857 alio
1743 1812 2001 1876 quoquo
2043 1793 2237 1859 modo
2272 1794 2532 1861 habitas
2567 1804 2632 1862 et

377 1919 740 1984 possessae,
780 1904 915 1964 tam
939 1899 1004 1963 in
1037 1909 1211 1965 terra
1251 1898 1575 1982 Zurchuk,
1614 1919 1809 1982 quam
1843 1900 2014 1965 alias
2050 1902 2433 1987 existentes,
2470 1903 2627 1970 dua-

376 2012 498 2077 bus
531 2008 833 2093 partibus
856 2007 923 2072 in
944 2026 1176 2074 manus
1200 2014 1459 2075 nostras
1498 2014 1810 2088 tanquam
1842 2006 2107 2091 judicis,
2141 2008 2209 2073 in
2244 2008 2449 2077 tercia
2470 2030 2627 2078 uero

375 2125 565 2199 parte
601 2116 668 2180 in
721 2134 951 2182 manus
1006 2116 1262 2182 domine
1294 2113 1548 2200 Regine
1591 2115 1802 2199 partis
1835 2117 2097 2183 actricis
2150 2125 2213 2183 et
2245 2120 2626 2188 executricis

372 2223 567 2289 huius
590 2242 785 2291 cause
808 2243 925 2291 seu
958 2225 1219 2308 negocii
1252 2223 1732 2306 deuoluendas;
1756 2221 2120 2307 predictam
2155 2232 2397 2292 terram
2418 2228 2623 2309 Regi-

371 2332 589 2396 nalem
613 2332 744 2415 ipsi
764 2331 1021 2398 domine
1042 2332 1291 2415 Regine
1314 2338 1624 2413 tanquam
1642 2351 1826 2397 suum
1847 2332 1948 2397 ius
1970 2332 2629 2419 Arkybanazurchuk

371 2444 673 2506 vocatam
709 2443 1130 2505 restituentes
1164 2441 1361 2522 pleno
1394 2441 1553 2506 iure.
1589 2441 1674 2505 Et
1707 2439 1926 2506 omnia
1948 2438 2299 2525 priuilegia
2323 2462 2439 2510 seu
2460 2444 2629 2511 litte-

373 2566 516 2628 ras,
571 2565 697 2630 que
732 2549 835 2614 uel
889 2567 1054 2631 quas
1088 2546 1286 2612 iidem
1318 2547 1520 2629 Zoda‚
1559 2551 1725 2614 Bors
1761 2555 1824 2613 et
1858 2548 2196 2635 Nicolaus,
2233 2571 2312 2619 ac
2364 2554 2624 2638 cognati

370 2655 745 2722 eorumdem
779 2655 863 2722 de
895 2656 1197 2722 Zurchuk
1221 2656 1283 2720 in
1317 2655 1494 2723 facto
1529 2655 1707 2723 dicte
1743 2662 1915 2723 terre
1948 2658 2289 2743 Reginalis
2313 2661 2623 2730 habuisse

369 2763 815 2847 dinoscuntur,
840 2765 1223 2848 reliquimus
1253 2766 1392 2831 fore
1428 2773 1732 2834 cassatas
1757 2776 1821 2831 et
1842 2767 2097 2848 inanes,
2133 2767 2229 2833 ita
2253 2775 2325 2835 vt
2357 2771 2622 2838 vbicun-

369 2890 517 2954 que,
552 2872 1075 2955 quandocunque
1129 2879 1192 2938 et
1221 2892 1337 2957 per
1389 2893 1814 2957 quoscunque
1849 2882 2077 2940 contra
2129 2875 2456 2942 dominam
2497 2880 2622 2944 Re-

365 2980 589 3063 ginam
621 2980 728 3043 uel
752 2979 1149 3064 j0bagiones
1202 2999 1356 3045 suos
1390 2980 1681 3047 exhibite
1714 2982 1992 3067 fuerint,
2050 2982 2192 3047 sine
2227 2983 2476 3052 viribus
2507 2986 2620 3052 ha-

366 3089 661 3154 beantur.
695 3087 842 3151 Hiis
877 3089 1098 3169 itaque
1130 3086 1414 3173 peractis
1467 3095 1552 3155 ad
1585 3090 1898 3157 maiorem
1933 3101 1995 3153 et
2028 3088 2396 3156 vberiorem
2430 3091 2620 3160 huius

363 3195 623 3279 negocii
643 3196 966 3263 cautelam
1007 3199 1473 3280 possessiones
1496 3200 1940 3282 predictorum
1973 3199 2174 3282 Zoda‚
2209 3200 2377 3267 Bors
2409 3209 2476 3268 et
2506 3202 2619 3269 Ni·

363 3303 556 3387 colai,
593 3323 757 3387 quas
790 3306 1039 3370 habent
1070 3309 1139 3372 in
1174 3307 1513 3387 Zurchuk,
1567 3327 1681 3390 per
1714 3306 1892 3374 viros
1926 3308 2185 3376 nobiles
2220 3316 2285 3376 et
2315 3309 2620 3397 ydoneos

359 3412 638 3479 fecimus
666 3414 978 3497 estimari,
1002 3432 1126 3495 que
1150 3433 1294 3479 cum
1329 3416 1464 3480 suis
1499 3415 1914 3501 vtilitatibus‚
1948 3417 2257 3485 videlicet
2296 3419 2505 3503 siluis,
2527 3419 2615 3489 fe-

359 3522 556 3603 netis,
592 3521 801 3589 vineis
838 3529 903 3587 et
943 3522 1095 3589 aliis
1150 3532 1453 3605 presente
1505 3522 1836 3589 testimnio
1872 3524 2160 3608 Capituli
2212 3524 2617 3614 Wezprimy-

363 3634 544 3697 ensis
578 3649 694 3715 pro
727 3631 1167 3715 quadraginta
1190 3633 1426 3697 marcis
1472 3631 1666 3696 simul
1702 3650 1843 3696 cum
1884 3639 2109 3701 nostra
2139 3633 2451 3717 porcione
2480 3636 2616 3704 fue·

357 3745 511 3806 runt
544 3738 872 3817 estimata,
894 3758 1088 3822 quam
1110 3738 1366 3821 quidem
1401 3741 1777 3823 porcionem
1810 3750 2124 3823 nostram,
2160 3742 2410 3809 scilicet
2445 3743 2613 3813 duas

359 3852 583 3931 partes
619 3848 1111 3932 possessionum
1167 3850 1543 3916 earumdem
1577 3850 1728 3934 ipsa
1759 3849 2023 3918 domina
2061 3852 2316 3937 Regina
2350 3873 2393 3919 a
2423 3854 2614 3921 nobis

356 3954 637 4021 redemit
673 3955 853 4021 iuxta
895 3955 1169 4023 formam
1203 3958 1651 4025 estimacionis
1704 3959 2054 4043 prehabite
2108 3959 2294 4027 nobis
2330 3962 2414 4028 ad
2464 3963 2610 4047 ple-

352 4081 507 4130 num
540 4062 997 4145 persoluendO.
1033 4063 1223 4129 Vnde
1255 4084 1373 4132 nos
1409 4066 1867 4150 possessiones
1917 4067 2241 4134 dictorum
2292 4068 2605 4136 nobilium

354 4173 423 4239 in
457 4175 595 4237 toto
631 4190 778 4238 cum
811 4171 943 4238 suis
977 4171 1371 4240 Vtilitatibus
1424 4182 1489 4239 et
1520 4175 1944 4258 pertinenciis
1978 4176 2321 4259 vniversis,
2363 4182 2425 4241 et
2457 4197 2602 4262 spe·

356 4280 612 4347 cialiter
642 4300 786 4347 cum
822 4280 1227 4350 dimidietate
1277 4284 1570 4350 Ecclesie
1623 4286 1687 4349 in
1720 4282 2038 4352 honorem
2073 4286 2305 4353 Sancti
2351 4285 2602 4354 Thome

354 4387 661 4473 martyris
720 4393 1100 4455 constructa
1153 4390 1218 4457 in
1272 4391 1491 4458 medio
1535 4391 1755 4457 totalis
1807 4394 2243 4476 possessionis
2296 4394 2600 4461 Zurchuk

356 4496 725 4580 existentis,
763 4503 829 4563 et
849 4496 1214 4579 predictam
1245 4503 1487 4567 terram
1520 4500 1908 4584 Reginalem
1944 4501 2597 4588 Arkybanazurchuk

354 4608 792 4687 nuncupatam
844 4624 963 4688 per
1004 4605 1269 4671 eosdem
1322 4608 1783 4691 potencialiter
1834 4609 2167 4677 detentam
2218 4610 2599 4692 reliquimus

352 4712 480 4795 ipsi
512 4710 782 4780 domine
803 4713 1056 4798 Regine
1080 4719 1396 4798 perpetuo
1431 4713 1885 4800 possidendas,
1910 4716 2233 4784 tenendas
2258 4722 2325 4784 et
2353 4716 2597 4786 haben-
