3416 5313
1441 378 1572 450 249

395 584 583 663 geste
614 576 1056 646 testimonium
1106 583 1452 662 presentes
1507 576 1948 645 concessimus
1979 577 2237 645 litteras
2277 575 2635 643 munimine

393 686 596 751 nostri
628 683 829 771 sigilli
858 686 1220 751 roboratas.
1253 687 1496 752 Datum
1528 685 1594 749 in
1627 684 1802 751 festo
1834 686 2039 754 Beate
2072 687 2448 769 Margarete
2494 684 2633 750 Vir·

393 790 565 878 ginis
598 811 770 859 anno
804 791 1070 859 Domini
1104 791 1445 861 millesimo
1479 793 1958 860 trecentesimo.

393 1004 674 1076 (Teutsch
702 1004 766 1062 es
793 1004 1115 1062 Fimhaber
1139 1004 1516 1063 Urkundenb.
1541 1024 1592 1062 z.
1621 1004 1833 1062 Gesch.
1859 1003 2127 1060 Siebenb.
2166 1005 2208 1061 Ι.
2235 1005 2356 1062 kot.
2382 1003 2507 1058 218.
2534 1002 2633 1057 Hi-

964 1093 1151 1152 basan
1177 1094 1442 1166 chernel
1468 1095 1593 1152 Vn.
1619 1095 1675 1150 k.
1701 1098 1753 1151 2.
1780 1116 1823 1151 r.
1850 1096 1976 1152 205.
2004 1092 2063 1161 l.)

1256 1403 1772 1416 ———-——-——-——--

1394 1992 1535 2058 161.

382 2204 480 2271 ΑΖ
511 2206 750 2292 erdelyi
797 2208 1110 2291 kdptalan
1142 2209 1347 2291 dtiejja
1388 2208 1660 2271 1299-ki
1706 2206 2041 2291 okmdnycit
2064 2259 2079 2288 ,
2114 2206 2277 2292 mcly
2325 2208 2556 2269 czerint
2588 2229 2631 2270 a

383 2313 899 2380 kolosmonostori
927 2315 1197 2399 apcitcdq
1233 2311 1610 2398 Boyartelek
1631 2311 1960 2378 birtokdba
1981 2312 2398 2378 bevezettctett.
2435 2314 2629 2377 1300.

602 2527 976 2613 Capitulum
1025 2527 1327 2593 Ecclesie
1375 2527 1566 2595 Beati
1617 2526 1960 2594 Michaelis
1993 2527 2394 2610 Archangeli
2424 2528 2631 2594 'Pran-

383 2637 664 2706 siluanie
698 2635 998 2706 omnihus
1033 2634 1276 2704 Christi
1307 2620 1614 2703 fidelibus
1647 2654 1922 2722 presens
1959 2637 2273 2723 scriptum
2308 2635 2632 2722 inspectu-

383 2748 476 2814 ris
527 2747 808 2816 salutem
857 2742 925 2811 in
977 2746 1260 2811 omnium
1294 2746 1647 2812 saluatore.
1685 2747 1843 2813 Cum
1880 2764 2139 2832 semper
2190 2746 2276 2811 sit
2307 2744 2634 2811 stabiliter

386 2859 454 2919 et
482 2853 667 2919 viuat
698 2852 871 2918 actio
894 2870 1042 2917 cum
1066 2869 1136 2917 se
1169 2852 1364 2918 litera
1397 2851 1557 2919 facit
1587 2848 2039 2933 deffensorem,
2067 2852 2339 2935 proinde
2374 2852 2457 2917 ad
2490 2852 2628 2918 'vni-

384 2979 718 3029 uersorum
753 2959 1064 3028 noticiam
1102 2965 1239 3025 tam
1280 2959 1691 3043 presencium
1748 2980 1944 3043 quam
1995 2961 2352 3027 futurorum
2403 2959 2629 3025 harum

382 3070 553 3136 serie
584 3067 883 3136 volumus
913 3065 1259 3154 peruenire
1278 3118 1297 3153 ,
1349 3066 1524 3152 quod
1573 3067 1922 3152 religiosus
1951 3069 2050 3138 vir
2098 3068 2305 3136 frater
2337 3070 2631 3136 Lazarus

381 3177 605 3246 Abbas
658 3173 741 3241 de
790 3174 1326 3242 Colusmonustra
1359 3174 1445 3240 ad
1492 3179 1787 3243 nostram
1836 3176 2167 3244 accedens
2218 3175 2628 3261 presenciam

383 3281 679 3351 exhibuit
696 3280 889 3349 nobis
922 3281 1245 3365 quasdam
1278 3281 1529 3351 litteras
1562 3284 2101 3371 rescripcionales
2123 3285 2242 3353 sub
2267 3286 2487 3370 sigillo
2519 3307 2632 3353 no·

383 3398 520 3459 stro
555 3390 790 3459 minori
822 3394 1153 3457 confectas
1186 3396 1419 3475 petens
1452 3411 1571 3458 nos
1604 3399 1676 3461 vt
1710 3392 1976 3460 easdem
2009 3392 2092 3461 de
2142 3395 2340 3463 verbo
2375 3392 2462 3461 ad
2495 3416 2633 3463 ver-

383 3501 537 3567 bum
570 3499 959 3565 transscribi
994 3498 1157 3566 etin
1207 3497 1482 3566 formam
1536 3502 1743 3569 nostri
1782 3502 2111 3589 priuilegij
2148 3502 2364 3588 redigi
2411 3503 2632 3570 facere

385 3607 824 3694 dignaremur.
859 3608 1146 3688 Quarum
1181 3606 1450 3693 quidem
1487 3617 1677 3679 tenor
1707 3610 1863 3678 talis
1898 3616 1997 3681 est
2028 3637 2045 3679 ε

599 3715 951 3802 Magnifico
1001 3715 1144 3808 viro
1187 3721 1253 3783 et
1301 3716 1577 3786 honesto
1629 3717 1944 3789 Ladizlao
1997 3719 2125 3785 stb.
2179 3723 2342 3796 (mint
2397 3724 2627 3782 fentebb

390 3830 534 3886 145.
568 3849 643 3885 sz.
684 3828 760 3902 a.)

595 3931 736 4000 Nos
770 3932 940 3998 enim
975 3929 1323 4020 legittimis
1375 3937 1440 3999 et
1472 3934 1783 4020 congruis
1816 3936 2390 4019 postulacionibus
2422 3933 2631 4022 ipsius

382 4037 631 4105 domini
663 4042 902 4124 Lazari
921 4040 1201 4109 Abbatis
1235 4047 1298 4108 et
1331 4040 1584 4109 iusticie
1616 4049 2002 4128 annuentes,
2037 4042 2371 4130 predictas
2404 4041 2633 4111 literas

383 4153 647 4214 nostras
682 4155 983 4233 patentes
1005 4150 1180 4215 omni
1214 4148 1592 4235 integritate
1625 4149 1976 4235 pollentes,
2002 4171 2134 4219 non
2165 4151 2464 4233 abrasas,
2501 4170 2635 4217 non

383 4253 811 4335 cancellatas,
845 4275 976 4324 non
1009 4255 1313 4342 abolitas,
1347 4278 1479 4325 non
1512 4257 1958 4341 obumbratas,
1994 4277 2117 4327 nec
2149 4259 2219 4325 in
2257 4259 2482 4343 aliqua
2534 4258 2637 4325 sui

381 4367 571 4447 parte
603 4362 885 4430 viciatas
908 4362 991 4429 de
1010 4364 1211 4431 verbo
1246 4363 1330 4429 ad
1362 4364 1632 4431 verbum
1676 4367 2062 4433 transscribi
2096 4373 2161 4434 et
2193 4365 2635 4452 pendentibus

378 4468 589 4536 literis
621 4469 1147 4554 priuilegialibus
1177 4471 1421 4540 nostris
1451 4471 1658 4540 inseri
1696 4471 1993 4555 fecimus,
2027 4494 2195 4558 quas
2231 4476 2449 4544 eidem
2484 4490 2635 4538 con·

381 4575 700 4644 cessimus
751 4575 841 4641 ad
895 4578 1248 4646 cautelam.
1289 4580 1531 4647 Datum
1581 4581 1648 4645 in
1698 4579 1872 4648 festo
1921 4581 2338 4650 quencionis
2391 4581 2637 4648 Sancte

381 4684 610 4753 Crucis
643 4703 816 4752 anno
866 4683 1131 4756 Domini
1182 4686 1531 4756 millesimo
1587 4685 1805 4757 CCC0.
1857 4688 2195 4776 Stephano
2256 4689 2632 4778 Preposito,
