3416 5313
1455 426 1566 493 141

396 620 675 689 eandem
727 640 965 705 aquam
1018 621 1476 689 circumeundo
1529 623 1775 689 curiam
1813 622 2042 705 Behar,
2097 623 2185 690 ad
2215 624 2415 690 alium
2449 623 2623 702 telek,

394 729 568 812 quod
600 729 756 793 telek
788 729 963 796 cedit
994 731 1062 797 in
1110 737 1360 815 partem
1392 730 1671 797 filiorum
1703 731 1937 813 Rebar,
1973 730 2040 796 in
2076 731 2204 797 fine
2239 732 2416 797 cuius
2470 730 2624 794 telck

392 836 600 905 tendit
628 835 713 901 ad
739 838 1052 906 orientem
1074 837 1472 905 transeundo
1494 839 1668 903 uiam
1690 838 2004 905 directam
2044 839 2131 906 ad
2164 837 2623 926 molendynum

390 948 689 1036 Jorchyk
708 967 900 1032 super
921 966 1153 1029 aquam
1176 947 1483 1033 Zelnyce,
1518 955 1583 1013 et
1612 948 1826 1014 tendit
1858 949 2159 1032 superius
2190 968 2308 1034 per
2346 947 2622 1015 eandem

391 1052 633 1138 aquam
666 1055 750 1121 ad
783 1056 1307 1143 septemtrionem
1330 1076 1534 1142 usque
1568 1055 1655 1122 ad
1687 1056 1921 1141 locum,
1956 1058 2066 1125 ubi
2085 1063 2258 1124 terre
2288 1056 2444 1123 ville
2484 1054 2622 1122 Zel-

392 1183 560 1252 nyce
594 1165 1066 1249 distinguntur;
1114 1173 1180 1230 et
1213 1165 1367 1232 inde
1420 1165 1817 1249 prosiliendo
1850 1165 1932 1233 de
1982 1185 2156 1249 aqua
2201 1164 2500 1254 procedit
2534 1163 2623 1230 ad

393 1275 712 1340 orientem
745 1273 830 1340 ad
865 1273 1166 1340 arborem
1193 1271 1397 1357 fuzfa
1419 1323 1435 1355 ,
1490 1275 1600 1340 ubi
1635 1280 1737 1340 est
1771 1280 1985 1358 meta;
2019 1282 2087 1342 et
2140 1275 2290 1341 inde
2322 1274 2506 1339 uadit
2538 1272 2627 1340 ad

394 1383 595 1449 aliam
629 1383 923 1446 arborem
944 1379 1187 1465 fuzfa,
1222 1382 1332 1449 ubi
1366 1388 1468 1448 est
1501 1391 1714 1467 meta;
1757 1390 1822 1448 et
1851 1383 2004 1450 inde
2038 1384 2264 1450 circuit
2313 1382 2398 1448 ad
2436 1385 2624 1448 meri-

396 1492 570 1558 diem
604 1489 693 1555 ad
724 1508 917 1553 vnam
952 1490 1148 1571 uiam,
1179 1491 1290 1556 ubi
1323 1496 1425 1556 est
1456 1496 1652 1574 meta,
1689 1489 1775 1555 de
1807 1510 1935 1571 qua
1967 1498 2142 1555 meta
2181 1490 2475 1577 procedit
2506 1509 2624 1575 per

392 1598 699 1680 antiquas
731 1603 942 1664 metas
963 1598 1149 1666 iuxta
1180 1602 1418 1665 terram
1449 1599 1638 1666 Pauli
1671 1598 1948 1664 sartoris
1970 1598 2057 1663 ad
2078 1598 2375 1665 arborem
2397 1595 2624 1682 fuzfa,

392 1704 503 1773 ubi
534 1713 636 1772 est
667 1710 844 1769 meta
865 1755 884 1789 ‚
937 1706 1021 1772 de
1054 1724 1184 1788 qua
1216 1713 1393 1773 meta
1424 1706 1665 1773 transit
1694 1726 1892 1774 vnum
1940 1706 2190 1771 mochar
2229 1706 2316 1772 ad
2364 1710 2625 1792 portum

395 1817 708 1899 Wagery,
742 1820 958 1897 etper
991 1814 1267 1881 eandem
1300 1837 1399 1879 ere
1430 1813 1654 1881 defluit
1683 1816 1772 1881 ad
1807 1835 2039 1898 aquam
2071 1814 2336 1881 Zelnice
2369 1814 2457 1878 ad
2490 1814 2622 1898 pri-

394 1942 568 1988 mam
602 1927 865 1987 metam.
900 1922 1033 1989 Sed
1068 1922 1222 2004 quia
1258 1928 1433 1990 terra
1454 1920 1755 2006 Omodey
1789 1930 1856 1989 et
1887 1922 2160 1990 fratrum
2184 1940 2470 2006 suornm,
2503 1941 2626 2007 que

396 2030 824 2100 communiter
856 2032 1171 2098 remansit
1221 2031 1485 2115 populis
1519 2030 1604 2097 de
1637 2030 1959 2111 Waralia‚
2009 2030 2245 2098 maior·⁴
2271 2050 2421 2097 esse
2450 2029 2626 2095 uide-

397 2143 608 2224 batur,
642 2138 844 2224 ijdem
880 2139 1114 2224 populi
1134 2137 1487 2207 adiderunt
1516 2140 1886 2224 quindecim
1919 2139 2150 2225 iugera
2170 2147 2364 2227 terre,
2398 2140 2465 2205 in
2495 2146 2622 2205 ter-

397 2248 582 2332 ragio
613 2247 1004 2332 populorum
1054 2247 1137 2314 de
1169 2247 1521 2316 Tornoucb
1544 2298 1560 2331 ‚
1613 2269 1737 2332 que
1770 2257 1945 2317 terra
1997 2256 2292 2316 cesserat
2329 2247 2626 2318 Ecclesie

399 2357 495 2424 eis
525 2357 593 2422 in
627 2356 1075 2424 concambium
1109 2355 1410 2424 Ecclesie
1429 2356 1721 2444 Virginis
1754 2357 2061 2426 Glorioso
2091 2359 2454 2444 assignate.
2485 2358 2625 2425 Nos

398 2465 597 2550 igitur
641 2451 728 2530 ad
778 2464 1170 2548 peticionem
1218 2465 1509 2550 parcium
1562 2463 1819 2530 litteras
1866 2471 2129 2533 nostras
2181 2463 2625 2532 concessimus

398 2572 601 2660 sigilli
630 2573 837 2640 nostri
887 2571 1244 2640 munimine
1292 2576 1657 2641 roboratas.
1693 2575 1938 2641 Datum
1968 2571 2142 2641 ann'o
2193 2574 2280 2641 ab
2312 2574 2624 2641 Incarna-

398 2682 582 2752 cione
611 2681 875 2749 Domini
907 2681 1009 2746 Μο
1039 2681 1181 2749 00⁰
1211 2683 1638 2769 nonagesimo
1674 2682 1872 2766 qinto.
1901 2686 2071 2751 Item
2091 2682 2322 2771 populi
2352 2683 2438 2749 de
2468 2682 2628 2748 uilla

395 2787 692 2858 Waralia
723 2800 1218 2875 assumpserunt
1252 2792 1618 2861 Omodeum
1650 2798 1716 2859 et
1744 2791 1981 2860 fratres
2014 2812 2169 2861 suos
2202 2792 2290 2857 ab
2325 2791 2626 2859 omnibus

394 2900 711 2988 impetere
740 2900 1113 2969 volentibus
1147 2920 1408 2987 semper
1437 2899 1793 2970 defendere
1827 2907 1893 2968 et
1925 2900 2257 2987 expedire.

644 3096 980 3168 (111.1·:ndre
1005 3094 1316 3169 kirdlynak
1344 3097 1568 3155 12ee-ki
1597 3094 2125 3171 megerfisitdsdbffl.
2164 3084 2355 3167 arsy.)

1246 3389 1760 3402 w
