3416 5313
1877 405 2001 477 176

1767 502 1967 511 -..Μ
1989 500 2079 507 ——-

810 606 1073 671 uehitur
1107 606 1319 689 ipsum
1353 605 1668 672 Comitem
1703 608 1961 673 Petrum
2005 605 2316 691 expedire
2372 606 2655 690 proprijs
2707 605 3058 671 laboribus

811 724 877 782 et
910 718 1236 797 expensis.
1290 717 1366 781 In
1402 716 1583 781 cuius
1617 717 1711 781 rei
1745 717 2120 783 memoriam
2155 719 2495 799 presentes
2543 713 2846 781 dedimus
2879 714 3056 778 litte·

810 844 920 889 ras
953 824 1151 908 sigilli
1202 824 1411 890 nostri
1460 824 1814 890 munimine
1851 826 2217 905 roboratas,
2269 843 2442 888 auno
2489 823 2750 888 Domini
2782 823 2881 888 Μυ
2914 822 3058 890 00⁰

812 930 1238 1015 nonagesimo
1285 929 1583 1015 septimo.
1638 931 1884 997 Datum
1926 930 2029 995 die
2062 931 2409 1014 Dominjco
2461 937 2610 1013 post
2662 928 3057 999 Conuersio-

810 1057 953 1104 nem
987 1038 1176 1105 Beati
1209 1039 1400 1124 Paulj
1442 1040 1764 1124 Apostoli.

1669 1204 1722 1266 A
1904 1204 1956 1267 B
2138 1203 2211 1271 G.

813 1394 1118 1467 (Hartyan.
1144 1397 1198 1451 A
1226 1399 1398 1453 sorok
1425 1394 1738 1471 vegszavai
1768 1397 2141 1454 elmosddvak
2165 1418 2179 1467 3
2210 1397 2369 1454 aze'rt
2396 1419 2430 1454 a
2451 1396 2630 1467 zarJel
2657 1400 2814 1454 kozti
2846 1397 2910 1454 es
2932 1395 3061 1452 ker-

814 1486 1047 1557 d6jellcl
1075 1487 1303 1543 ellatott
1329 1488 1638 1545 szavakert
1675 1490 1768 1560 jot
1792 1507 1923 1545 nem
1951 1488 2126 1545 allok.
2173 1488 2226 1541 A
2266 1487 2396 1560 me'g
2423 1487 2493 1559 ep
2520 1487 2723 1559 pecse't
2747 1487 3058 1543 vb‘riiszb'ld

813 1578 1071 1649 selymen
1096 1577 1252 1653 siigg.
1281 1577 1853 1652 Pozsonykaptalani
1880 1579 2158 1653 orszagos
2186 1577 2448 1636 leveltar.
2491 1578 2683 1650 Capsa
2708 1578 2860 1633 XIV.
2888 1579 3061 1635 Fase.

1648 1671 1699 1725 8.
1726 1668 1863 1727 Nm.
1887 1671 1937 1726 8.
1978 1669 2208 1739 Knauz.)

1868 2499 2014 2568 ¹¹6.

813 2701 873 2765 A
905 2701 1150 2788 tikanyi
1167 2701 1433 2765 konvent
1464 2699 2012 2787 bizonysdylevele,
2036 2699 2195 2787 '²095
2225 2700 2424 2779 Maius,
2459 2702 2696 2787 eqykor
2741 2701 2810 2766 V.
2843 2707 3059 2769 Istvdn

810 2810 1023 2897 kirdly
1071 2815 1509 2896 aranymivcse,
1541 2811 1906 2897 zar-berenyi
1937 2809 2212 2874 birtokcit
2248 2833 2289 2872 α
2321 2811 2661 2897 veszpre'mi
2698 2811 3062 2898 ethdznak

1587 2917 2031 3005 felajdnlotta.
2068 2917 2262 2982 1297.

1026 3117 1085 3182 N
1090 3138 1163 3185 os
1184 3118 1560 3185 Conuentus
1581 3114 2406 3201 Monaste1·ijTikoniensis
2442 3114 2893 3204 significamus
2928 3120 3061 3201 qni-

814 3228 933 3293 bus
968 3226 1229 3311 expedit
1260 3231 1482 3291 tenore
1516 3224 1926 3310 presencium
1961 3223 2306 3309 vniucrsis,
2341 3227 2519 3308 quod
2551 3226 2850 3296 Matheus
2885 3229 3058 3294 auri-

813 3334 1000 3403 faber
1033 3334 1359 3417 quondam
1391 3331 1636 3400 domini
1671 3333 1991 3419 Stephani
2024 3332 2223 3416 Regis
2256 3332 2615 3420 Hungarie,
2653 3334 2739 3400 ad
2766 3343 3059 3403 nostram

813 3443 1244 3529 personaliter
1275 3442 1603 3511 accedens
1651 3441 2093 3527 presenciam,
2146 3440 2489 3509 confessus
2540 3443 2760 3510 extitit
2793 3446 3060 3512 oraculo

815 3551 969 3618 viue
1000 3552 1203 3629 vocis,
1231 3550 1410 3633 quod
1441 3552 1588 3633 ipse
1615 3555 1821 3614 totam
1855 3549 2444 3632 possessionariam
2478 3550 2855 3637 porcionem
2877 3570 3062 3617 suam

815 3660 882 3725 in
915 3657 1254 3744 Zarberyn
1283 3658 1601 3742 habitam,
1636 3674 1827 3739 quam
1864 3677 1946 3722 ex
1993 3657 2356 3725 collacione
2387 3659 2596 3743 ipsius
2631 3658 2876 3728 domini
2911 3662 3062 3728 Ste-

819 3766 1021 3852 phani
1051 3767 1250 3851 Regis
1286 3766 1667 3851 habuisset,
1722 3784 1849 3847 que
1900 3764 2224 3846 quondam
2260 3767 2635 3836 Salomonis
2680 3769 2798 3836 filii
2833 3768 3063 3853 Feleh,

818 3875 1142 3958 quondam
1176 3872 1416 3942 nobilis
1448 3873 1533 3942 de
1564 3872 1713 3957 ipsa
1743 3873 1904 3940 villa
1946 3872 2304 3960 Zarberyn,
2326 3876 2607 3944 hominis
2642 3877 2785 3944 sine
2814 3875 3061 3943 herede

817 3979 1215 4062 decedentis,
1254 3981 1505 4063 fuisset,
1529 4001 1675 4051 cum
1707 3981 2006 4049 omnibus
2038 3982 2174 4046 suis
2208 3984 2626 4072 utilitatibus,
2663 3986 2857 4053 terris
2890 3984 3064 4054 seili-

817 4098 921 4161 cet
952 4089 1332 4172 arabilibus,
1366 4090 1791 4174 sessionibus,
1824 4089 2053 4172 vineis,
2103 4091 2363 4176 fenetiS,
2396 4092 2627 4181 syluis,
2661 4095 3062 4180 nemoribuS‚

820 4206 885 4266 et
914 4198 1065 4264 aliis
1099 4195 1491 4279 quibuslibet
1525 4195 1977 4283 pertinenciis,
2008 4199 2196 4267 iuxta
2228 4200 2589 4286 legitimam
2632 4203 3062 4272 statucionem

816 4325 935 4393 per
964 4306 1298 4373 hominem
1328 4306 1602 4388 Regium
1625 4311 1689 4371 et
1708 4306 2146 4375 testimonium
2181 4309 2558 4378 conuentus
2579 4309 3062 4380 Cruciferorum

694 4462 697 4466 .
818 4414 902 4483 de
933 4412 1108 4482 Alba
1141 4412 1266 4479 sibi
1302 4412 1571 4498 factam,
1594 4418 1661 4478 et
1680 4413 2085 4497 postmodum
2117 4435 2236 4500 per
2268 4416 2543 4485 eundem
2575 4418 2909 4489 dominum
2945 4420 3067 4485 Re·

817 4540 968 4608 gem
1001 4519 1437 4588 mediantibus
1457 4521 1980 4606 priuilegialibus
2001 4523 2237 4589 litteris
2271 4525 2407 4590 suis
2441 4527 2916 4610 confirmatam,
2947 4546 3067 4614 pro

819 4628 1104 4697 remedio
1132 4632 1346 4697 anime
1368 4647 1489 4696 sue
1519 4635 1591 4696 et
1611 4630 2046 4699 auxiliacione
2085 4632 2275 4702 Beati
2296 4632 2636 4704 Michaelis
2656 4636 3066 4721 Archangeli

827 4738 1126 4806 Ecclesie
1158 4745 1220 4805 et
1252 4738 1555 4823 capitulo
1603 4738 1899 4805 eiusdem
1930 4741 2119 4806 Beati
2144 4739 2504 4809 'Michaelis
2539 4744 2621 4811 de
2661 4746 3067 4829 wesprimio
