3416 5313
1829 300 1965 369 210

769 494 976 562 solum
1017 492 1500 581 circumpositis
1550 493 1930 582 regionibus
1969 514 2087 564 sue
2136 496 2574 567 beatitudinis
2625 497 3026 568 diffuderunt

769 606 1074 689 exempla
1093 653 1111 687 ,
1164 602 1281 671 sed
1307 603 1506 689 longe
1538 604 1805 688 lateque
1837 624 1955 692 per
1987 607 2255 693 orbem3
2307 628 2391 676 ex
2424 608 2661 692 quibus
2693 628 2810 696 per
2841 609 3026 693 Apo·

767 710 1071 778 stolicam
1103 708 1339 779 Sedem
1373 712 1572 779 etiam
1595 713 1841 782 nostris
1875 715 2277 802 temporibus
2301 717 2690 801 Sanctorum
2712 718 3025 799 catalogo

766 825 919 885 sunt
966 818 1322 905 adseripte.
1356 818 1608 887 Habuit
1657 818 1832 889 enim
1883 821 2104 908 ipsum
2151 825 2448 907 Regnum
2500 824 2678 893 viros
2739 824 3021 892 scientie

764 925 1112 994 eminentis
1143 928 1210 995 in
1261 928 1459 1009 clero,
1494 928 1702 996 laicos
1734 933 2039 999 robustos
2072 931 2140 998 in
2174 931 2450 1016 bellicis,
2485 930 2899 1002 devotionem
2929 933 3025 999 ad

762 1035 1214 1121 Apostolicam
1264 1037 1505 1106 Sedem
1554 1038 1623 1105 in
1654 1040 1955 1126 populis3
1987 1041 2109 1109 fuit
2140 1042 2623 1127 circumpositis
2663 1042 2913 1127 Regnis
2947 1041 3019 1108 in

761 1144 1101 1230 speculum
1148 1145 1357 1213 multa
1405 1147 1716 1215 virtutum
1770 1151 2242 1218 numerositate
2292 1151 2608 1218 dotatum.
2663 1149 2795 1218 Sed
2846 1150 3019 1234 proh

761 1251 982 1318 dolor!
1038 1251 1191 1320 dum
1243 1255 1308 1319 in
1360 1256 1844 1341 presentiarum
1893 1258 2188 1343 Regnum
2221 1258 2434 1346 ipsum
2468 1258 2854 1344 respicimus
2876 1308 2895 1341 ,
2949 1266 3020 1324 et

759 1358 1207 1428 miserabilem
1239 1366 1481 1431 statum
1536 1361 1695 1449 eius,
1731 1369 1796 1432 et
1827 1371 2139 1449 quantum
2173 1387 2216 1433 a
2245 1368 2450 1454 priori
2482 1366 2664 1434 felici
2692 1373 2870 1434 statu
2902 1364 3017 1434 de-

662 1530 666 1534 ,
755 1463 961 1552 fluxit,
995 1474 1063 1534 et
1094 1486 1136 1534 a
1166 1472 1345 1535 statu
1378 1469 1616 1538 cecidit
1647 1469 1960 1556 glorioso,
1994 1474 2378 1560 diligentius
2410 1476 2757 1560 intuemur,
2792 1475 3018 1543 formi-

757 1573 990 1642 damus
1024 1574 1253 1645 merito
1287 1579 1356 1645 et
1403 1577 1599 1645 valde
1631 1579 1953 1669 timemus,
1988 1600 2072 1649 ne
2102 1584 2398 1671 Regnum
2431 1584 2647 1670 ipsum
2679 1592 3014 1671 tempora-

752 1684 902 1752 liter
949 1683 1019 1750 in
1051 1705 1302 1771 magna,
1331 1685 1703 1771 dispendia,
1739 1695 1805 1755 et
1835 1688 2269 1778 spiritualiter
2299 1693 2369 1763 iu
2421 1713 2663 1780 magna
2713 1692 3015 1778 pericula

753 1790 1125 1880 dilabatur,
1178 1793 1436 1877 quibus,
1472 1793 1598 1861 nisi
1632 1797 1909 1865 dextera
1942 1799 2208 1868 Domini
2260 1799 2547 1870 faciente
2576 1803 2908 1885 virtutem,
2943 1807 3014 1869 et

749 1918 871 1985 per
899 1900 1281 1986 Apostolice
1330 1900 1526 1970 Sedis
1576 1905 2066 1990 providentiam
2101 1909 2441 1996 obvietur,
2493 1913 2797 1995 Regnum
2830 1909 3013 1978 idem

749 2005 864 2074 vix
893 2005 1182 2092 adiiciet,
1216 2014 1287 2075 ut
1326 2018 1653 2097 resurgat.
1689 2012 1811 2081 Est
1842 2035 2127 2100 namque
2178 2018 2653 2087 circumdatum
2687 2019 3013 2088 scismati·

749 2116 868 2201 cis,
898 2115 1207 2184 hereticis
1254 2120 1320 2183 et
1348 2110 1632 2205 paganis
1653 2172 1671 2206 ,
1705 2143 1789 2191 ac
1823 2143 2045 2192 eorum
2089 2125 2460 2196 incursibus
2495 2126 2871 2212 frequenter
2904 2127 3004 2193 in·

744 2241 1014 2309 vasum,
1048 2227 1489 2294 numerositas
1541 2231 1926 2316 populorum
1963 2234 2030 2299 in
2064 2234 2206 2320 ipso
2237 2236 2721 2320 quodammodo
2764 2224 3003 2322 adpu-

744 2331 961 2398 sillum
993 2351 1262 2418 gregem
1299 2335 1587 2424 redacta,
1622 2339 1858 2406 sedent
1891 2344 2078 2424 quasi
2112 2336 2260 2412 sola
2286 2345 2351 2410 in
2386 2366 2464 2411 eo
2499 2345 2810 2413 nonnulle
2844 2345 3004 2413 civi-

746 2442 921 2507 tates
954 2445 1022 2506 et
1050 2442 1219 2525 loca,
1262 2461 1389 2525 que
1420 2444 1573 2512 olim
1609 2449 1873 2534 populis
1905 2458 2089 2518 erant
2122 2452 2339 2539 plena,
2373 2455 2669 2539 pluribus
2702 2455 3004 2523 interem-

740 2548 875 2634 ptis
908 2555 973 2616 et
1004 2550 1228 2617 multis
1273 2551 1339 2619 in
1395 2554 1767 2639 captionem
1815 2558 2135 2629 deductis.
2170 2563 2309 2631 Hec
2341 2563 2496 2630 dum
2527 2571 2745 2632 mente
2776 2565 3002 2633 revol-

738 2656 954 2726 vimus
985 2662 1050 2724 et
1083 2659 1291 2727 oculis
1323 2681 1568 2748 magne
1601 2668 2079 2750 compassionis
2111 2671 2489 2755 aspicimus,
2523 2693 2860 2741 movemur
2911 2674 3001 2742 ad

739 2761 1075 2850 lacrimas,
1106 2766 1192 2833 ad
1244 2768 1579 2851 querenda
1611 2774 1908 2842 remedia
1958 2776 2390 2865 stimulamur,
2423 2788 2488 2847 et
2518 2799 2791 2868 surgere
2824 2784 2998 2868 cogi-

738 2889 882 2937 mur
913 2870 1001 2938 ad
1047 2874 1543 2964 providendum,
1579 2882 1757 2961 quod
1808 2884 2215 2968 sepedictum
2247 2890 2544 2975 Regnum
2582 2891 2835 2957 habeat
2887 2891 3002 2957 bo-

736 2998 902 3045 num·
923 2986 1188 3069 statum,
1223 2986 1510 3054 maxime
1545 2993 1613 3052 ut
1645 2989 1711 3055 in
1747 2988 1874 3058 fide
1908 2992 2250 3062 Catholica
2283 3005 2350 3064 et
2381 2999 2766 3083 Apostolice
2799 2999 2997 3066 Sedis

739 3090 1113 3156 reverentia
1163 3102 1568 3177 perseveret.
1604 3097 1688 3164 Et
1720 3097 1892 3165 inter
1925 3108 2164 3187 cetera,
2218 3124 2343 3188 que
2372 3107 2620 3174 nostris
2655 3105 2995 3176 obtutibus

734 3206 1174 3283 occurrerunt,
1197 3203 1602 3288 providimus
1640 3206 1887 3300 habere
1920 3231 2301 3298 personam,
2335 3234 2453 3300 per
2485 3218 2669 3285 cuius
2699 3218 2994 3285 ministe-

735 3304 904 3371 rium
936 3312 1005 3373 et
1052 3308 1509 3380 sollicitudinis
1562 3315 1846 3382 studium
1900 3321 1990 3386 ad
2020 3330 2310 3389 nostram
2346 3333 2412 3393 et
2462 3325 2655 3393 Sedis
2695 3326 2991 3394 eiusdem

731 3408 1141 3481 deducantur
1173 3418 1480 3486 noticiam
1513 3422 1725 3507 Regni
1760 3425 2057 3494 eiusdem
2095 3431 2523 3517 conditiones,
2557 3440 2625 3502 et
2657 3442 2891 3518 status,
2928 3443 2993 3499 et

733 3518 1020 3602 qualitas
1042 3524 1383 3609 maiorum,
1416 3529 1812 3599 mediocrum
1847 3542 1914 3601 et
1945 3556 2288 3621 parvorum
2322 3540 2754 3610 residentium
2786 3543 2857 3609 in
2878 3563 2986 3610 eo-

725 3623 899 3712 dem,
933 3631 1394 3716 cuiuscumque
1427 3638 1796 3727 eminentie,
1833 3643 2081 3718 ordinis
2116 3654 2182 3714 et
2218 3649 2617 3718 conditionis
2670 3652 2985 3736 existant,

727 3738 798 3798 ut
827 3737 1027 3821 mala,
1063 3747 1312 3820 quanto
1333 3741 1577 3810 fuerint
1599 3749 1881 3831 notiora,
1915 3759 2097 3821 tanto
2130 3756 2458 3843 possimus
2492 3759 2810 3830 efficatius
2844 3762 2985 3827 evi-

724 3843 887 3921 tare,
921 3841 1109 3928 bonis
1143 3848 1386 3917 addere
1419 3852 1884 3944 fulcimentum,
1909 3867 1973 3926 et
1996 3864 2231 3931 eadem
2255 3867 2538 3952 amplius
2558 3887 2981 3954 promovere;

725 3951 792 4011 et
817 3946 1223 4039 ‚aspicientes
1256 3956 1323 4021 in
1357 3957 1559 4044 illum,
1595 3965 1704 4046 qui
1759 3974 2083 4052 perpetua
2112 3972 2422 4041 mundum
2455 3976 2710 4044 ratione
2744 3978 2983 4062 guber·

720 4058 856 4138 nat,
889 4059 1208 4140 terrarum
1244 4064 1502 4168 celique
1536 4076 1736 4150 sator,
1771 4074 1881 4156 qui
1914 4082 2170 4164 tempus
2204 4082 2291 4147 ab
2325 4102 2447 4148 evo
2481 4084 2576 4154 ire
2607 4084 2808 4167 iubet,
2844 4094 2978 4154 sta-

718 4155 1001 4284 bilisque
1023 4185 1298 4239 manens
1320 4173 1437 4239 dat
1469 4188 1703 4246 cuncta
1724 4184 1993 4266 moveri,
2027 4190 2386 4255 secundum
2412 4190 2973 4262 ordinatissimam

714 4369 1002 4460 humano
1034 4386 1262 4463 generi
1314 4391 1752 4481 medicinam;
1806 4402 2208 4484 presentium
2244 4412 2610 4491 temporum
2645 4412 2973 4493 qualitate

711 4485 778 4546 et
809 4485 1131 4568 sepedicti
1162 4492 1373 4577 Regni
1424 4498 1707 4576 diversis
1761 4506 2271 4583 circumstantiis
2298 4514 2371 4579 ‘in
2405 4518 2663 4584 lancem
2716 4527 2973 4586 mature

710 4591 1263 4680 considerationis
1296 4603 1624 4693 adductis,
1656 4614 2021 4697 expediens
2071 4616 2210 4687 fore
2241 4621 2561 4710 videmus,
2596 4629 2774 4710 quod
2807 4629 2966 4699 Stri-
