3416 5313
1890 433 1974 499 16

1771 521 1857 529 ς...-

793 622 1080 710 posteris
1148 622 1577 691 reddiderunt
1628 631 1692 692 et
1746 628 2148 711 reliquerunt
2181 632 2247 699 in
2287 643 2679 720 perpetuum
2709 646 3047 727 possiden-

806 730 963 817 das;
1000 752 1037 799 e
1068 751 1387 800 conuerso
1421 740 1644 800 autem
1676 735 1850 801 idem
1884 737 2116 808 Comes
2149 742 2350 828 Byter
2401 750 2467 809 et
2497 747 2736 820 fratres
2771 756 2871 821 sui
2901 777 3047 842 pre-

792 837 973 925 dicti,
996 858 1140 907 cum
1160 840 1225 907 in
1246 831 1744 926 permutacione
1767 852 1831 911 et
1852 849 2230 917 concambio
2252 855 2741 937 possessionum
2762 868 2829 928 et
2848 865 3048 931 castri

790 947 1001 1033 ipsius
1034 948 1309 1016 Comitis
1341 950 1519 1017 Petri
1550 950 1773 1019 fratris
1805 955 2116 1041 ipsorum,
2150 967 2286 1026 tum
2320 962 2527 1029 eciam
2560 969 2827 1039 racione
2864 974 2947 1040 do
2960 980 3044 1042 tis

795 1060 861 1124 et
890 1076 1108 1125 rerum
1157 1061 1741 1146 paraphernalium
1796 1064 2062 1134 domine
2112 1069 2480 1156 Elysabeth
2532 1087 2927 1167 memorate,
2979 1090 3044 1150 et

786 1173 1092 1249 pretextu
1128 1174 1363 1251 quarte
1394 1168 1669 1237 duarum
1702 1172 1983 1239 filiarum
2016 1194 2282 1244 suarum
2331 1183 2857 1275 antedictarum,
2892 1211 3041 1276 pos-

786 1276 1122 1343 sessiones
1157 1276 1450 1346 eiusdem
1485 1277 1758 1346 Comitis
1795 1284 1996 1367 Bytcr
2028 1283 2459 1356 hereditarias
2492 1292 2819 1382 Hydweg,
2869 1300 3037 1385 Aba,

791 1389 857 1448 et
889 1382 1112 1452 Olwar
1136 1390 1411 1451 uocatas
1436 1434 1455 1469 ,
1511 1389 1872 1455 existentes
1905 1391 1973 1456 in
2006 1391 2337 1462 Comitatu
2369 1398 2713 1487 Huntensi,
2748 1407 3039 1490 antiquis

786 1489 979 1559 metis
1016 1498 1081 1560 et
1113 1494 1409 1559 terminis
1462 1494 1782 1563 limitatas
1816 1505 1881 1563 et
1913 1500 2263 1571 distinctas
2287 1556 2304 1589 ,
2363 1528 2507 1575 cum
2541 1512 2764 1595 ligneo
2816 1524 3035 1585 castro

783 1600 1102 1669 ininsula
1156 1600 1447 1669 eiusdem
1501 1604 1659 1670 ville
1690 1606 1999 1692 Hydweg
2031 1611 2395 1699 existente,
2447 1623 2512 1684 et
2543 1620 2696 1706 alijs
2742 1622 3037 1692 Vtilitati-

787 1709 950 1795 bus,
984 1715 1052 1775 et
1102 1711 1235 1776 suis
1285 1712 1718 1797 pertinencijs
1760 1716 2084 1785 vniuersis
2107 1770 2125 1804 ,
2180 1733 2369 1806 prout
2403 1745 2517 1791 eas
2567 1728 2743 1795 idem
2798 1732 3033 1801 Comes

784 1815 987 1902 Byter
1040 1817 1308 1904 habuit,
1361 1821 1569 1886 tenuit
1622 1822 1945 1889 hactenus
1996 1839 2062 1893 et
2111 1831 2446 1915 possedit,
2499 1835 2716 1903 eidem
2767 1840 3030 1908 domine

783 1924 1154 2011 Elysabeth
1171 1977 1190 2012 ,
1244 1928 1476 1995 relicte
1528 1932 1806 1999 Comitis
1858 1933 2037 2000 Petri
2090 1938 2311 2007 fratris
2364 1961 2579 2009 eorum
2601 1993 2621 2028 ,
2674 1956 2740 2011 et
2777 1950 3030 2016 duabus

779 2033 1036 2104 filiabus
1069 2036 1229 2120 suis,
1264 2036 1660 2105 dominabus
1694 2037 1944 2120 Katha‚
1977 2050 2042 2109 et
2073 2045 2289 2126 Anna,
2325 2068 2405 2114 ac
2439 2070 2662 2117 earum
2685 2061 3030 2138 posterita-

780 2141 958 2209 tibus
992 2145 1392 2211 successiuis
1415 2197 1434 2231 ,
1471 2146 1832 2229 dederunt,
1869 2152 2297 2238 tradiderunt,
2339 2178 2418 2223 ac
2452 2166 2840 2248 statuerunt,
2875 2166 3024 2231 irre-

770 2249 1159 2318 uocabiliter
1188 2251 1530 2320 habendas
1552 2256 1693 2320 iure
1715 2266 2028 2344 perpetuo
2051 2269 2117 2327 et
2147 2268 2484 2351 tenendas,
2508 2290 2639 2334 vna
2668 2292 2812 2338 cum
2846 2295 3022 2340 man-

780 2358 974 2443 cipiJs
1007 2360 1422 2446 hereditarijs
1472 2364 1681 2447 ipsius
1716 2365 1989 2434 Comitis
2023 2370 2241 2456 Petri,
2292 2374 2659 2459 Augustino
2710 2380 3022 2450 videlicet

774 2486 918 2533 cum
952 2468 1108 2552 filijs
1143 2469 1279 2535 suis
1304 2520 1323 2555 ,
1363 2478 1586 2554 preter
1618 2494 1886 2541 vxorem
1906 2525 1924 2559 ,
1959 2483 2024 2543 et
2054 2477 2226 2545 filias
2260 2503 2415 2551 suas
2440 2534 2459 2569 ,
2512 2493 2577 2550 et
2610 2487 2870 2556 Kotach
2892 2541 2909 2575 ,
2941 2510 3020 2556 ac

771 2558 915 2643 eius
949 2597 1166 2661 uxore,
1201 2576 1356 2663 filijs
1393 2585 1458 2645 et
1486 2579 1750 2646 filiabus
1783 2584 1940 2667 suiS‚
1978 2589 2280 2659 omnibus
2315 2592 2524 2659 eciam
2569 2597 2784 2666 seruis
2817 2605 2883 2664 et
2917 2619 3026 2665 an-

775 2685 945 2750 cillis
979 2687 1324 2770 acquisitis
1359 2694 1423 2754 et
1454 2692 1781 2776 empticiJs
1816 2693 2023 2781 ipsius
2058 2695 2328 2765 Comitis
2368 2703 2582 2784 Petri,
2619 2704 2867 2772 eisdem
2911 2709 3021 2773 tri-

774 2794 899 2860 bus
933 2794 1326 2862 dominabus
1347 2846 1365 2875 ,
1419 2806 1484 2862 et
1517 2818 1742 2868 earum
1772 2805 2273 2889 posteritatibus
2324 2810 2391 2876 in
2424 2820 2812 2896 perpetuum
2859 2818 3023 2884 assi-

771 2904 1036 2990 gnatis;
1088 2908 1353 2991 insuper
1407 2907 1708 2975 ducentis
1760 2914 1998 2980 marcis
2051 2918 2313 2997 argenti
2365 2919 2435 2984 in
2488 2921 3017 2990 additamentum

773 3012 1289 3097 satisfaccionis,
1339 3023 1402 3082 et
1434 3018 1791 3085 solucionis
1824 3023 2290 3104 premissarum
2326 3027 2522 3111 dotis,
2558 3037 2623 3097 et
2655 3053 2870 3099 rerum
2906 3054 3018 3118 pa-

770 3120 1194 3188 rafernalium
1214 3174 1235 3208 ,
1272 3144 1351 3189 ac
1384 3133 1617 3207 quarte
1649 3130 2149 3212 premissarum,
2183 3133 2347 3216 ipsis
2381 3137 2587 3205 tribus
2623 3139 3015 3211 dominabus

772 3231 1073 3314 plenarie
1106 3234 1476 3316 persolutis.
1515 3235 1789 3320 Quibus,
1826 3244 1892 3301 et
1921 3240 2235 3323 predictis
2258 3245 2466 3310 tribus
2500 3248 2678 3315 villis
2711 3251 3013 3334 receptis,

771 3359 969 3423 super
1003 3339 1156 3407 dote
1190 3349 1256 3406 et
1289 3349 1526 3426 quarta
1575 3343 1947 3411 huiusmodi
2000 3345 2227 3413 eedem
2263 3352 2522 3418 domiue
2555 3376 2627 3421 se
2681 3376 2830 3423 esse
2866 3378 3010 3424 con-

765 3454 982 3514 tentas
1017 3449 1327 3531 fatenteS,
1363 3456 1429 3513 et
1462 3451 1558 3516 eis
1595 3449 1803 3519 fuisse
1850 3453 2262 3521 satisfactum
2294 3479 2413 3542 per
2445 3461 2664 3527 omnia
2698 3482 3010 3550 recogno-

764 3564 1046 3640 scenteS,
1101 3559 1315 3644 ipsum
1349 3557 1670 3626 Comitem
1720 3564 1960 3648 Byter,
2012 3570 2079 3631 et
2109 3564 2345 3632 fratres
2392 3588 2546 3637 suos
2598 3592 2799 3657 super
2832 3575 3015 3641 sacto

765 3666 935 3733 dotis
990 3672 1056 3731 et
1089 3674 1320 3748 quarte
1352 3668 1876 3752 supradictarum
1901 3721 1917 3754 ,
1967 3673 2366 3757 reliquerunt
2398 3678 2707 3762 legaliter
2738 3683 3007 3767 expedi-

761 3781 904 3860 tos;
940 3776 1433 3844 condicionibus
1454 3827 1473 3861 ,
1509 3778 2038 3863 obligacionibus
2072 3789 2140 3848 et
2174 3785 2465 3851 articulis
2498 3788 2873 3857 huiusmodi
2908 3794 3007 3857 in-

761 3882 1071 3966 teriectiS,
1109 3890 1179 3948 ut
1211 3879 1311 3950 ab
1334 3886 1637 3952 omnibus
1672 3888 2155 3973 questionibus,
2191 3897 2257 3957 et
2296 3893 2830 3977 impeticionibus
2863 3919 3007 3966 con-

767 3998 870 4059 tra
902 3992 1087 4076 ipsas
1119 3998 1252 4058 tres
1286 3992 1584 4060 dominas
1620 4003 1684 4062 et
1719 4017 1939 4064 earum
1975 3996 2252 4068 heredes
2274 4050 2292 4079 ,
2328 4008 2392 4067 et
2424 4022 2866 4098 successores,
2903 4027 3006 4072 ra·

765 4102 958 4169 cione
990 4101 1430 4187 predictarum
1465 4103 1660 4170 trium
1691 4105 2024 4190 villarum,
2080 4115 2146 4173 et
2177 4128 2438 4175 suarum
2473 4111 2824 4180 vtilitatum
2868 4117 3004 4183 vllo

756 4228 1049 4294 unquam
1085 4218 1382 4299 tempore
1412 4211 1790 4299 suscitatis,
1824 4216 1967 4299 ipse
2000 4216 2232 4283 Comes
2279 4222 2480 4304 Byter
2512 4230 2578 4285 et
2609 4222 2714 4288 sui
2745 4224 3000 4310 fratres,

760 4340 841 4388 ac
875 4339 1099 4388 eorum
1133 4322 1577 4408 posteritates,
1609 4324 1908 4408 prefatas
1930 4329 2064 4390 tres
2101 4326 2412 4394 dominas·
2435 4336 2496 4393 et
2520 4349 2743 4396 earum
2777 4334 3001 4416 proles

750 4440 817 4499 et
851 4449 1298 4518 successores,
1334 4433 1690 4518 expedient
1712 4434 2148 4518 indempniter
2181 4435 2317 4503 suis
2336 4439 2625 4524 proprijs
2657 4437 2998 4510 laboribus
3069 4453 3076 4456 ’

749 4546 816 4606 et
848 4543 1205 4627 expensis,
1257 4542 1323 4607 in
1356 4548 1675 4626 perpetua
1725 4549 1949 4608 tenuta
1999 4548 2064 4607 et
2095 4543 2378 4625 pacifica
2426 4548 2853 4630 possessione
2887 4569 2996 4617 ea-

744 4652 1045 4719 rumdem
1077 4652 1271 4718 trium
1321 4652 1629 4718 villarum
1679 4657 1746 4717 et
1777 4652 2332 4735 pertinenciarum
2384 4675 2702 4740 suarum,
2740 4660 2998 4745 absque

742 4763 921 4833 omni
951 4761 1258 4830 molestia
1309 4760 1779 4846 conseruandO,
1813 4748 2061 4828 nullam
2095 4783 2240 4830 cum
2273 4762 2524 4834 eisdem
2544 4767 2754 4834 tribus
2789 4768 2995 4837 domi-
