3416 5313
1775 409 1859 475 38

1761 1077 1873 1141 25.

694 1296 736 1359 Ι
745 1296 811 1360 V.
853 1293 1090 1358 Milclo's
1122 1299 1300 1380 pcipa
1332 1294 1835 1379 Maqyarorszdy
1855 1292 2321 1381 fb'papjainalc‚
2341 1292 2708 1377 fh'urainak
2741 1298 2801 1359 εἷς
2831 1296 2934 1357 ke-

692 1406 967 1488 rcsztyen
1002 1402 1375 1466 Zakosainak
1406 1401 1800 1489 me9lzc19yja‚
1837 1402 1995 1489 leoyy
2031 1402 2261 1466 Jcinost
2277 1403 2440 1488 J’esii
2457 1403 2772 1489 pitsp'o'kiit
2793 1456 2811 1490 ,
2845 1402 2937 1466 kit

873 1510 1147 1595 apostoli
1178 1510 1427 1574 kb‘vctz'll
1459 1534 1535 1574 az
1572 1511 1880 1596 orszciqba
1912 1511 2177 1597 halden,
2213 1511 2492 1595 seyitse'k.
2530 1512 2723 1575 1291.

906 1707 1220 1775 Nicolaus
1294 1710 1652 1794 Episcopus
1707 1730 1936 1775 seruus
1992 1728 2321 1778 seruorum
2374 1707 2501 1772 Dei
2551 1707 2939 1775 venerabili-

693 1818 814 1884 bus
865 1817 1179 1884 fratribus
1232 1818 1771 1903 Archiepiscopis
1823 1824 1886 1882 et
1918 1818 2306 1903 Episcopis,
2361 1837 2441 1883 ac
2476 1816 2729 1883 dilectis
2777 1817 2931 1884 filiis

693 1926 959 2009 Electis,
995 1910 1365 1994 Abbatibus
1389 1978 1406 2011 ,
1444 1927 1779 1997 Prioribus
1804 1979 1820 2009 ,
1852 1929 2143 1995 Decanis
2167 1979 2184 2011 ‚
2227 1910 2746 2011 chbidiaconis,
2780 1927 2935 1992 Pre-

692 2036 925 2121 positis
967 2046 1031 2103 et
1083 2036 1236 2104 aliis
1289 2038 1739 2103 Ecclesiarum
1792 2037 2073 2104 Prelatis
2125 2056 2242 2122 per
2298 2037 2587 2120 Regnum
2639 2033 2936 2119 Ungarie

693 2143 1063 2211 constitutis
1097 2146 1379 2212 salutem
1434 2152 1501 2210 et
1533 2144 1990 2230 Apostolicam
2041 2142 2579 2211 benedictionem.
2630 2143 2772 2211 Etsi
2811 2144 2935 2210 Ro-

693 2274 890 2320 mana
921 2254 1249 2336 Ecclesia,
1288 2261 1665 2320 cunctorum
1718 2262 1927 2321 mater
1960 2262 2026 2320 et
2057 2254 2378 2338 magistra
2412 2250 2723 2336 fidelium,
2761 2253 2936 2319 circa
2973 2266 2976 2269 ’

692 2363 1023 2429 salubrem
1055 2363 1431 2447 Regnorum
1463 2365 1662 2432 totius
1696 2363 2214 2433 Christianitatis
2265 2369 2511 2430 statum
2546 2362 2936 2430 sollicitudi-

689 2473 792 2538 nis
826 2472 1110 2538 studium
1163 2474 1452 2555 gesserit
1486 2471 1858 2557 diligentis,
1893 2495 1935 2539 a
1967 2475 2184 2557 longis
2230 2479 2449 2538 tamen
2483 2480 2657 2538 retro
2690 2480 2936 2558 tempo-

688 2580 870 2648 ribus
902 2581 1076 2647 circa
1126 2586 1370 2646 statum
1422 2581 1632 2665 Regni
1667 2581 1957 2666 Ungarie
2004 2600 2390 2666 prosperum
2443 2587 2508 2647 et
2539 2580 2828 2647 votivum
2863 2601 2937 2647 se

692 2710 850 2759 cura
884 2691 1191 2776 pervigili
1227 2696 1293 2754 et
1326 2689 1616 2772 quadam
1637 2690 1940 2756 sollertia
1972 2690 2254 2776 speciali
2277 2696 2595 2756 attentam
2620 2690 2937 2775 exhibuit,

690 2806 756 2865 et
789 2797 1101 2865 exhibere
1136 2817 1261 2863 non
1294 2805 1552 2875 cessat,
1585 2805 1651 2863 et
1681 2804 1821 2865 tam
1852 2817 1971 2885 per
2003 2797 2398 2882 Legatorum
2433 2816 2511 2862 ac
2541 2799 2931 2864 Nuntiorum

688 2908 1034 2975 missiones
1092 2906 1487 2974 accomodas
1509 2955 1526 2988 ,
1586 2918 1780 2991 prout
1832 2916 2192 2994 temporum
2256 2908 2549 2992 qualitas
2603 2907 2933 2996 exigebat,

687 3036 882 3099 quam
916 3017 1089 3081 alias
1124 3016 1325 3083 etiam
1364 3017 1785 3100 multipharie
1819 3019 2171 3102 multisque
2203 3017 2413 3083 modis
2446 3016 2760 3083 laborare
2793 3026 2934 3084 stu-

688 3124 848 3204 duit,
884 3132 953 3189 ut
986 3130 1199 3190 status
1236 3124 1526 3192 eiusdem
1580 3126 1783 3207 Regni
1834 3125 2107 3194 devotos
2140 3124 2317 3191 soliti
2367 3125 2725 3210 producere
2763 3124 2934 3193 filios

688 3234 982 3320 pacificis
1019 3239 1084 3300 et
1115 3232 1493 3314 tranquillis
1532 3232 1956 3299 successibus
1990 3232 2343 3314 fulciretur,
2378 3235 2517 3300 Deo
2540 3241 2767 3318 gratus
2803 3235 2938 3300 exi-

689 3349 927 3425 steret,
963 3362 1041 3407 ac
1075 3340 1359 3408 salubris
1394 3340 1749 3406 haberetur
1801 3348 1865 3405 et
1898 3341 2076 3406 utilis
2113 3342 2346 3408 incolis
2380 3342 2539 3409 dicti
2573 3344 2826 3427 Regni,
2873 3351 2938 3409 et

686 3459 756 3517 ut
786 3449 946 3517 fides
982 3449 1328 3517 Catholica
1348 3502 1366 3536 ,
1423 3467 1540 3534 per
1573 3467 1768 3530 quam
1806 3449 2072 3516 celestis
2108 3450 2542 3516 beatitudinis
2572 3451 2936 3534 acquiritur

684 3559 916 3642 gloria,
952 3555 1289 3625 radicibus
1324 3556 1557 3624 solidis
1588 3558 1956 3623 firmaretur
1990 3567 2055 3625 et
2087 3559 2438 3627 stabilibus
2470 3567 2931 3627 manutenere-

692 3675 797 3733 tur
850 3667 1085 3734 studiis
1136 3668 1205 3732 in
1257 3668 1510 3734 eodem.
1578 3665 1771 3733 Unde
1822 3668 2037 3733 felicis
2087 3668 2559 3736 recordationis
2612 3670 2933 3736 Nicolaus

692 3777 876 3860 Papa
907 3776 1025 3841 ΙΙΙ.
1059 3778 1490 3859 predecessor
1523 3781 1746 3843 noster
1767 3825 1784 3857 ,
1836 3778 2152 3861 perducto
2187 3779 2273 3844 ad
2308 3779 2447 3845 eius
2489 3777 2789 3846 notitiam
2821 3802 2936 3846 va·

686 3882 824 3950 lide
878 3884 1265 3950 turbationis
1317 3884 1741 3971 discrimine,
1806 3887 1978 3967 quod
2026 3886 2094 3950 in
2145 3885 2373 3967 Regno
2424 3887 2566 3968 ipso
2632 3896 2929 3972 tempore

688 3992 1013 4075 quondam
1048 3993 1123 4057 L.
1158 3993 1360 4076 Regis
1414 3993 1705 4078 Ungarie
1759 3993 1968 4082 nuper
1998 3995 2238 4060 sublati
2281 3994 2364 4061 de
2395 3993 2607 4061 medio
2643 3997 2931 4063 immine·

686 4102 820 4185 bat,
853 4108 918 4165 et
950 4101 1123 4184 alia,
1177 4121 1301 4184 que
1336 4101 1713 4185 dampnatis
1767 4103 2035 4169 ausibus
2083 4103 2636 4185 perpetrabantur
2684 4104 2931 4172 ibidem

687 4211 753 4276 in
785 4208 1275 4294 derogationem
1326 4230 1456 4276 non
1490 4210 1818 4277 modicam
1852 4210 2002 4278 fidei
2048 4210 2454 4295 Christiane,
2487 4214 2928 4279 conculcatio·

684 4335 834 4382 nem
869 4316 1317 4385 ecclesiastice
1368 4318 1700 4385 libertatis
1737 4326 1801 4386 et
1851 4321 2317 4404 oppressiones
2350 4320 2744 4405 multiplices
2778 4324 2929 4388 Pre-

685 4428 987 4510 latorum‚
1021 4428 1465 4494 Ecclesiarum
1490 4477 1507 4509 ‚
1566 4427 2113 4494 monasteriorum
2149 4435 2214 4492 et
2245 4426 2519 4493 aliorum
2553 4430 2805 4513 piorum
2840 4432 2929 4497 lo·
3043 4459 3046 4464 ·

685 4555 904 4602 corum
937 4536 1150 4619 Regni
1181 4536 1459 4621 predicti
1486 4588 1503 4621 ,
1557 4539 1783 4602 volens
1815 4537 2016 4601 tantis
2053 4543 2118 4600 et
2150 4544 2283 4602 tam
2317 4539 2625 4619 gravibus
2659 4540 2928 4608 obviare

685 4644 992 4730 periculis
1015 4696 1034 4729 ,
1089 4655 1154 4711 et
1188 4644 1364 4714 Cleri
1396 4665 1473 4710 ac
1506 4646 1835 4711 Baronum
1874 4652 1939 4710 et
1971 4644 2215 4728 populi·
2254 4643 2547 4711 eiusdem
2579 4648 2787 4727 Regni
2827 4646 2923 4713 di-

687 4751 982 4836 spendiis
1015 4753 1438 4844 >compatiens
1492 4771 1573 4818 ex
1608 4751 1888 4837 affectu,
1938 4754 2022 4818 ad
2055 4755 2354 4835 Regnum
2389 4751 2603 4837 ipsum
2654 4773 2924 4823 venera·
