3416 5313
1453 348 1535 405 θ’),

1454 392 1508 413 “0

376 544 700 610 libertatis
735 546 1021 629 ipsorum
1054 546 1439 628 confectum,
1476 553 1777 630 petentes
1801 569 1841 613 a
1881 549 2068 615 nobis
2102 570 2245 614 cum
2280 546 2611 615 instancia

376 661 445 716 ut
480 654 690 735 ipsum
727 653 1137 738 priuilegium
1173 660 1377 720 ratum
1404 654 1649 721 habere
1685 662 1750 720 et
1791 667 2010 721 nostro
2047 656 2464 738 dignaremur
2489 657 2610 740 pri-

374 761 620 844 uilegio
654 762 1051 841 confirmare,
1086 763 1270 829 euius
1307 763 1565 844 quidem
1601 763 1932 848 priuilegij
1969 772 2157 830 tenor
2192 764 2342 828 talis
2378 771 2519 829 est:

589 869 939 936 Ladizlaus
975 871 1098 935 Dei
1145 871 1373 954 gracia
1411 872 1539 937 stb.
1598 883 1975 955 (kovetkezik
2022 886 2119 941 IV.
2171 884 2382 943 Ltiszlo
2422 885 2614 958 kirtly

372 973 598 1026 1279-ki
648 972 973 1045 okmzinya‚
1038 975 1192 1046 mely
1237 974 1544 1033 olvashato
1599 973 2085 1046 Okmtinyttirunk
2147 975 2244 1031 lV.
2293 976 2612 1047 koteteben

371 1064 497 1118 180.
545 1062 606 1131 1.)

587 1158 722 1223 Nos
756 1155 952 1241 igitur
984 1158 1175 1225 iustis
1208 1166 1273 1223 et
1306 1157 1620 1239 legitimis
1641 1159 2079 1243 peticionibus
2106 1160 2428 1227 dictorum
2464 1157 2610 1225 hos·

369 1264 578 1346 pitum
611 1273 975 1331 nostrorum
1010 1266 1091 1333 de
1124 1268 1461 1348 Deeswar‚
1512 1266 1968 1359 fauorabilium
2014 1286 2402 1335 eonsensum
2427 1264 2608 1332 adbi—

369 1375 624 1457 benteS,
658 1375 1023 1458 predictum
1047 1377 1459 1461 priuilegium
1483 1376 1814 1442 karissimi
1837 1376 2059 1442 fratris
2080 1363 2288 1443 nostri
2312 1375 2610 1455 formam,

368 1489 436 1546 et
472 1489 765 1549 tenorem
802 1484 1139 1569 priuilegij
1176 1484 1335 1549 dieti
1388 1485 1726 1552 karissimi
1760 1488 1870 1551 aui
1905 1487 2110 1550 nostri
2143 1484 2461 1572 Stephaji
2494 1483 2611 1549 Re-

368 1593 475 1675 gis
531 1593 922 1658 continentis
976 1601 1040 1658 et
1088 1594 1326 1659 seriem
1379 1595 1742 1659 litterarum
1794 1594 2027 1680 Ireney
2067 1595 2236 1661 Bani
2290 1591 2612 1675 quondam

368 1700 830 1765 Transsituani
879 1703 945 1767 in
1000 1702 1244 1767 eisdem
1283 1701 1747 1783 confirmantiS,
1804 1721 2003 1788 snper
2055 1702 2230 1768 facto
2283 1698 2612 1766 libertatis

366 1810 659 1892 ipsorum
693 1809 1073 1894 confectum,
1108 1817 1177 1875 ut
1213 1810 1644 1893 premisimus,
1679 1830 1807 1874 non
1844 1810 2298 1891 cancellatum,
2341 1829 2468 1874 non
2502 1809 2614 1874 ab·

369 1937 611 1998 rasum,
648 1938 769 1984 nee
801 1920 865 1984 in
901 1918 1121 2000 aliqua
1173 1916 1274 1983 sui
1308 1925 1500 2002 parte
1533 1917 1842 1983 uiciatum
1869 1970 1883 1999 ,
1936 1926 2148 1984 ratum
2202 1918 2517 1983 habentes
2551 1920 2615 1980 et

370 2034 715 2112 acceptum
738 2078 755 2111 ‚
809 2026 890 2092 de
923 2028 1124 2091 uerbo
1160 2023 1244 2089 ad
1294 2027 1562 2091 uerbum
1598 2026 2012 2111 presentibus
2047 2025 2247 2092 inseri
2287 2024 2611 2109 faciende,

375 2137 747 2218 patrocinio
782 2136 986 2202 nostri
1018 2135 1344 2222 priuilegij
1389 2135 1693 2201 duximus
1737 2132 2265 2202 confirmandum.
2316 2134 2390 2198 In
2433 2134 2615 2199 euius

376 2243 475 2308 rei
508 2246 884 2310 memoriam
936 2251 1452 2330 perpetuamque
1484 2241 1853 2310 firmitatem
1909 2249 2253 2327 presentes
2288 2241 2615 2310 eoncessi-

373 2373 520 2419 mus
555 2354 881 2441 dupplicis
916 2354 1115 2437 sigilli
1148 2352 1349 2417 nostri
1403 2351 1758 2418 munimine
1807 2351 2170 2417 roboratas.
2224 2349 2466 2415 Datum
2499 2370 2617 2437 per

371 2481 609 2531 manus
644 2462 906 2529 discreti
936 2462 1057 2526 viri
1092 2459 1387 2544 magistri
1421 2457 1758 2527 Theodori
1778 2459 2091 2527 Albensis
2133 2458 2433 2525 Ecclesie
2464 2456 2613 2521 Pre-

371 2571 597 2659 positi‚
649 2572 799 2637 aule
836 2576 1061 2637 nostre
1092 2568 1250 2633 Vice
1289 2568 1712 2653 (lancellam,
1763 2566 1989 2634 dilecti
2025 2573 2090 2633 et
2142 2567 2355 2633 fidelis
2389 2566 2616 2633 nostri.

368 2680 565 2745 Anno
601 2681 865 2748 Domini
892 2680 993 2744 M⁰
1025 2678 1162 2747 00⁰
1195 2677 1620 2763 nonagesimo
1653 2679 1886 2762 primo.
1922 2675 2134 2762 Regni
2156 2682 2375 2744 autem
2410 2678 2619 2743 nostri

372 2806 552 2853 anno
586 2789 817 2873 primo.

757 2981 1052 3053 (Eredetie
1078 2981 1232 3037 Dezs
1259 2978 1430 3039 varos
1459 2978 1883 3039 levdltitrfiban.
1912 2980 2077 3036 ssabo'
2102 2978 2349 3051 Kdroly.)

1362 3353 1425 3360 >--
1442 3355 1565 3361 --Ὰνυ
1580 3353 1661 3361 -ο
