3416 5313
1767 409 2007 509 -158

806 611 924 677 bus
972 608 1353 695 plenissime
1405 606 1705 675 interseri
1756 605 2025 673 fecimus
2077 604 2162 671 ad
2213 605 2556 671 cautelam.
2605 606 2682 673 In
2735 602 2914 673 cuius
2950 603 3056 668 rei

808 720 1185 787 memoriam
1220 724 1481 785 nostras
1530 715 1828 783 dedimus
1880 714 2137 780 litteras
2187 713 2388 799 sigilli
2434 713 2643 780 nostri
2696 710 3053 778 munimine

805 825 1171 897 roboratas.
1240 826 1483 893 Datum
1538 826 1602 889 in
1656 824 1887 910 vigilia
1935 821 2464 891 Resurreccionis
2516 823 2821 909 Domini,
2873 839 3053 887 anno

806 935 1065 1004 Domini
1098 936 1195 1001 Μ0
1225 933 1366 1002 00⁰
1398 935 1827 1021 nonagesimo
1876 939 2084 1002 sexto.

806 1129 1098 1204 (Hartyan
1123 1134 1464 1206 gyony'oriin
1489 1128 1632 1188 irva.
1660 1129 1823 1184 Mind
1849 1148 1884 1184 a
1909 1125 2282 1198 roviditesek‚
2322 1128 2479 1182 mind
2507 1124 2809 1184 altalrtban
2834 1143 2904 1182 az
2929 1121 3055 1180 iris

808 1219 983 1292 egesz
1008 1223 1312 1291 kiilalakJa
1338 1223 1582 1292 annyira
1610 1219 1962 1275 emlekeztet
1989 1236 2024 1273 a
2048 1217 2258 1290 kiralyi
2285 1217 2551 1274 irodabol
2576 1217 2834 1274 kikeriilt
2859 1215 3056 1272 okira-

805 1313 992 1383 tokra,
1018 1314 1175 1386 hogy
1197 1313 1474 1384 hajlando
1500 1311 1737 1383 vagyok
1765 1308 2007 1378 auitam,
2034 1310 2330 1365 miszerint
2355 1326 2422 1363 ez
2444 1308 2721 1380 okmanyt
2746 1309 2843 1378 oly
2866 1306 3057 1361 kano-

808 1405 925 1459 nok
948 1403 1077 1475 itta,
1104 1405 1164 1459 ki
1192 1405 1407 1460 azelo'tt
1431 1421 1467 1458 a
1485 1401 1698 1471 kiralyi
1724 1400 2012 1457 irodaban
2026 1400 2279 1474 jegyzffi,
2306 1418 2477 1473 vagy,
2504 1399 2579 1453 ha
2599 1398 2830 1468 tetszik,
2859 1397 3057 1451 irnoki

804 1495 1055 1551 hivatalt
1092 1496 1278 1552 viselt.
1317 1495 1371 1548 A
1396 1493 1594 1565 pecset
1631 1498 1802 1549 vo’riis
1842 1493 2101 1564 selymen
2139 1491 2301 1565 fiigg.
2342 1487 2918 1562 Pozsonykaptalani
2960 1507 3055 1543 or-

1092 1585 1299 1657 szagos
1325 1584 1592 1643 leveltar.
1622 1585 1814 1656 Capsa
1839 1583 1963 1640 VII.
1990 1584 2156 1638 Fasc.
2186 1586 2237 1638 1.
2264 1580 2401 1638 Nro.
2429 1583 2478 1635 2.
2518 1580 2750 1650 Knauz.)

1854 2483 2009 2550 102.

797 2685 1050 2775 Mihdly
1082 2683 1261 2772 Grdf
1288 2682 1700 2769 visszavdltja
1749 2684 2011 2747 Mdv-ton
2030 2731 2047 2765 ‚
2090 2682 2321 2748 Tamds
2351 2684 2416 2746 ἐς
2446 2683 2652 2748 Jdnos
2706 2681 2934 2780 helyett
2968 2704 3053 2744 az

799 2797 996 2884 apjuk
1027 2795 1194 2862 catal
1225 2792 1532 2858 Lodome'r
1563 2792 1928 2879 eszteryomi
1959 2791 2254 2856 erseknelc
2286 2792 2374 2854 15
2402 2791 2663 2878 yirdnyi
2695 2790 2858 2890 tized
2877 2787 3051 2877 fqy'e‘-

798 2905 912 2969 ben
939 2904 1345 2989 *elzdloqz'tott
1375 2898 1551 2985 A‘nja
1598 2900 1761 2962 nevil
1776 2896 1990 2982 fb'ldet
2008 2951 2029 2986 ‚
2080 2898 2239 2985 τηθὶς]
2290 2900 2463 2962 aze'rt
2513 2898 2857 2964 birtokdvci
2902 2895 3048 2964 Zesz-

1821 3007 2018 3071 1296.

1013 3208 1152 3275 Nos
1187 3204 1555 3293 Capitulum
1604 3203 1902 3273 Ecclesie
1934 3203 2358 3274 Posoniensis
2408 3205 2870 3291 significamus
2904 3204 3051 3272 vni-

797 3316 1027 3401 uersis,
1061 3316 1296 3399 quibus
1331 3312 1614 3400 expedit,
1650 3331 1769 3398 per
1789 3317 2132 3398 presentes
2160 3334 2176 3396 3
2211 3315 2390 3397 quod
2411 3312 2786 3381 constitutis
2818 3304 3045 3402 perso-

796 3426 1036 3491 naliter
1066 3444 1289 3490 coram
1337 3423 1525 3490 nobis
1560 3420 1842 3488 Martino
1862 3473 1881 3508 ‚
1936 3410 2193 3489 Thoma
2215 3473 2231 3505 ,
2284 3421 2586 3491 Johanne
2617 3422 2776 3509 filijs
2810 3424 3049 3507 Ywan,

796 3533 913 3620 filij
946 3536 1162 3601 Renes
1196 3554 1277 3599 ex
1310 3548 1443 3599 vna
1475 3534 1685 3614 parte,
1737 3530 1989 3597 Comite
2028 3531 2353 3598 Michaele
2384 3532 2515 3600 filio
2549 3530 2927 3600 Salamonis
2962 3532 3054 3601 de

799 3631 1154 3729 Sagitarijs
1187 3640 1273 3707 ab
1306 3638 1555 3724 altera3
1609 3637 1784 3704 idem
1816 3633 2101 3705 Thomas
2121 3687 2138 3720 ‚
2189 3640 2506 3709 Martinus
2540 3636 2665 3727 (et)
2703 3640 3050 3709 Johannes

798 3758 945 3819 sunt
978 3751 1305 3835 confessi,
1359 3747 1537 3831 quod
1569 3748 1921 3831 quamdam
1970 3754 2212 3816 terram
2247 3748 2539 3835 ipsorum
2569 3749 3049 3818 hereditariam

794 3859 972 3946 AnJa
1020 3862 1325 3926 vocatam
1378 3854 1464 3923 ad
1513 3868 1768 3940 septem
1814 3860 2036 3925 aratra
2088 3856 2555 3945 sufficientem,
2610 3877 2803 3941 quarn
2856 3866 3054 3945 pater

793 3966 1077 4051 ipsorum
1140 3964 1475 4049 quondam
1540 3964 1806 4032 domino
1861 3960 2253 4031 Lodomerio
2306 3965 2556 4031 Diuina
2610 3967 3051 4034 miseracione

796 4074 1313 4161 Archiepiscopo
1368 4072 1810 4159 Strigoniensi
1863 4092 1982 4157 pro
2036 4071 2412 4156 quindecim
2472 4079 2713 4143 marcis
2776 4075 3051 4143 racione

796 4183 1193 4251 decimarum
1227 4182 1647 4269 obligauerat
1664 4234 1683 4269 ‚
1740 4188 1804 4248 et
1837 4202 1984 4248 eam
2016 4183 2149 4249 iam
2182 4183 2427 4251 dudum
2480 4184 2676 4271 duplo
2720 4184 3053 4255 redimere

798 4290 1171 4378 debuisset,
1205 4292 1486 4377 predicti
1517 4292 1880 4379 Martinus,
1934 4291 2226 4359 'I'homas
2261 4299 2328 4359 et
2357 4292 2697 4363 Johannes
2750 4279 2836 4362 de
2868 4295 3055 4364 bona

793 4399 1129 4470 voluntate
1161 4399 1458 4485 ipsorum
1488 4399 1754 4467 racione
1787 4396 2353 4482 consaqwinitatis
2388 4398 2560 4490 (igy)
2603 4404 2885 4471 eandem
2918 4410 3052 4472 ter-

795 4529 934 4575 ram
965 4507 1141 4593 AnJa
1171 4512 1475 4577 vocatam
1506 4505 1824 4575 Comitem
1871 4504 2266 4576 Michaelem
2299 4511 2437 4595 pro'
2455 4510 2758 4596 predicta
2790 4531 3056 4581 summa

791 4617 1071 4703 pecunje
1106 4635 1252 4684 cum
1285 4636 1406 4686 sua
1437 4616 1726 4704 pecunia
1756 4614 2081 4682 redimere
2114 4617 2578 4702 permiserunt.
2625 4622 2841 4701 Quam
2874 4631 3050 4690 sum-

792 4745 968 4795 mam
1000 4727 1275 4812 pecunie
1327 4726 1641 4816 magister
1672 4725 1978 4801 Andreas
2029 4725 2175 4793 loco
2219 4733 2283 4795 et
2333 4727 2480 4799 vice
2531 4727 2778 4798 domini
2831 4733 3056 4822 nostri
