3416 5313
1844 389 1971 456 172

789 586 911 653 fice
942 585 1429 671 possidendam,
1463 588 1809 655 tenendam
1844 594 1907 655 et
1930 587 2318 655 habendam.
2354 586 2683 674 Volentes,
2706 592 2775 655 vt
2805 586 3027 655 nullus

788 697 1019 763 Comes
1054 696 1522 780 Supruniensis
1563 716 1678 781 pro
1730 703 2022 782 tempore
2056 699 2462 780 constitutus,
2496 715 2618 765 nec
2652 697 2853 764 eciam
2905 695 3025 779 alij

788 804 1013 890 aliqui,
1056 803 1387 891 predictos
1440 804 1643 888 ciues,
1695 805 1870 872 idest
1918 801 2210 889 hospites
2261 810 2518 871 nostros
2566 805 2649 871 de
2697 803 3027 888 Suprun'm

786 911 1049 981 racione
1079 913 1453 981 medietatis
1485 913 1707 983 tributi
1741 912 2021 996 predicti
2055 918 2121 978 et
2149 913 2498 980 vtilitatum
2530 933 2789 980 suarum
2822 912 3027 997 impe·

785 1028 926 1086 tere
957 1020 1202 1089 audeat
1220 1026 1360 1089 siue
1384 1021 1593 1087 eciam
1627 1022 2004 1088 molestare.
2029 1020 2105 1086 In
2140 1022 2321 1088 cuius
2354 1022 2449 1088 rei
2483 1022 2860 1088 memoriam
2881 1037 3027 1102 per·

781 1137 1177 1215 petuamque
1211 1128 1583 1195 firmitatem
1619 1137 1966 1212 presentes
2006 1130 2447 1199 concessimus
2483 1131 2735 1197 litteras
2769 1129 3025 1214 duppli-

781 1238 875 1305 cis
910 1237 1115 1323 sigilli
1147 1241 1345 1305 nostri
1384 1240 1736 1305 munimine
1767 1239 2126 1305 roboratas.
2179 1238 2418 1304 Datum
2471 1259 2586 1323 per
2623 1256 2851 1306 manus
2890 1234 3025 1302 dis·

782 1348 937 1412 creti
969 1348 1088 1413 viri
1128 1347 1421 1431 magistri
1462 1347 1765 1433 Gregorij
1805 1348 2113 1415 Albensis
2145 1350 2439 1415 Ecclesie
2472 1349 2683 1415 Electi
2704 1346 2924 1413 dilecti
2961 1353 3026 1407 et

782 1453 997 1521 fidelis
1034 1454 1252 1535 nostri,
1274 1475 1444 1519 anno
1469 1453 1734 1522 Domini
1765 1454 1865 1518 M⁰
1886 1454 2026 1522 00⁰
2059 1457 2482 1539 nonagesimo
2517 1455 2817 1539 septimo,
2843 1452 3024 1534 quin-

782 1560 1106 1629 todecimo
1169 1562 1495 1628 kalendas
1558 1561 1950 1628 Novembris
1975 1611 1993 1645 ,
2044 1562 2252 1646 Regni
2304 1570 2520 1628 autom
2583 1561 2786 1630 nostri
2847 1579 3021 1626 anno

783 1677 1039 1737 octauo.

780 1866 1074 1938 (Eredetie
1101 1865 1280 1939 fiiggt'i
1302 1864 1586 1939 pecsettel
1608 1864 1871 1937 Soprony
1896 1865 2063 1922 varos
2084 1864 2503 1922 lcvc'ltaraban.
2538 1870 2763 1920 Hatram·
2788 1867 3029 1931 Mihcily.)

1834 2710 1949 2774 46.

779 2909 911 2976 III.
955 2908 1166 2972 Endre
1204 2906 1417 2990 kira'ly
1451 2927 1488 2967 α
1539 2909 1834 2990 sopronyi
1872 2905 2251 2990 polych-oleat
2296 2929 2336 2968 a
2372 2905 2713 2989 vdmfizctc's
2744 2903 2875 2967 aZo'l
2896 2902 3021 2989 fel·

1686 3015 1891 3077 menti.
1928 3014 2120 3078 1297.

991 3212 1295 3280 Andreas
1316 3211 1443 3280 Dei
1466 3209 1691 3296 gracia
1712 3210 2070 3295 Hungarie,
2095 3212 2453 3296 Dalmacie,
2480 3208 2772 3286 Croacie,
2796 3213 3024 3292 Rame,

779 3322 1025 3405 Seruie,
1054 3319 1351 3397 Gallicis,
1385 3318 1782 3403 Lodomerie,
1819 3319 2146 3401 Cumanie,
2172 3319 2609 3404 Bulgarieque
2630 3321 2793 3401 Rex,
2827 3319 3028 3384 omni·

780 3432 902 3497 bus
936 3427 1177 3496 Christi
1207 3426 1497 3493 fidelibus
1551 3434 1684 3492 tam
1716 3429 2129 3512 presentibus
2183 3449 2375 3510 quam
2427 3428 2660 3497 futuris
2713 3427 3024 3496 noticiam

780 3538 1193 3624 presencium
1241 3535 1567 3603 habituris
1619 3536 1901 3604 salutem
1952 3536 2013 3600 in
2050 3536 2329 3604 Domino
2381 3538 2868 3622 sempiternam.
2918 3536 3024 3603 Ad

782 3649 1223 3715 uniuersorum
1258 3645 1564 3713 noticiam
1617 3643 1844 3710 harum
1882 3648 2049 3712 serie
2083 3647 2379 3713 volumus
2415 3647 2798 3730 pervenire,
2847 3644 3025 3728 quod

780 3775 924 3823 cum
959 3759 1137 3823 cives
1170 3775 1288 3823 seu
1319 3755 1615 3840 hospites
1665 3753 1875 3820 nostri
1908 3756 1988 3820 de
2029 3756 2353 3839 Suprunio
2405 3764 2683 3841 propter
2718 3774 3023 3841 guerram

781 3865 990 3947 Regni
1025 3865 1234 3930 nostri
1266 3864 1686 3930 intrinsecam
1711 3870 1775 3927 et
1809 3862 2193 3929 discrimina
2214 3863 2464 3930 viarum
2501 3884 2541 3928 a
2575 3864 2794 3930 multis
2820 3869 3023 3929 retro-

784 3971 994 4056 lapsis
1026 3972 1424 4058 temporibus
1458 3991 1577 4055 pro
1611 3971 2007 4054 acquirendo
2042 3971 2379 4039 commodo
2430 3974 2717 4059 ipsorum
2750 3980 2818 4037 et
2847 3972 3024 4039 victu

782 4099 901 4165 per
934 4079 1247 4147 ambitum
1276 4080 1493 4164 Regni
1542 4080 1745 4145 nostri
1778 4077 2131 4163 procedere
2176 4099 2293 4162 pro
2355 4081 2795 4167 mercimonijs
2847 4082 3027 4165 ipso-

783 4209 925 4255 rum
976 4188 1439 4256 contrahendis
1486 4205 1665 4252 more
1701 4188 2060 4269 antiquitus
2115 4198 2429 4255 consueto
2481 4189 2913 4274 nequiuerint,
2962 4195 3028 4253 et

786 4296 868 4363 ob
924 4294 1044 4360 hoc
1099 4293 1293 4361 iidem
1347 4294 1642 4379 hospites
1693 4295 1901 4361 nostri
1952 4294 2144 4362 rebus
2203 4296 2675 4380 temporalibus
2728 4298 3027 4384 destituti

785 4403 917 4494 sint
952 4410 1014 4468 et
1047 4404 1348 4487 oppressi
1382 4407 1811 4488 paupertate3
1863 4421 1982 4467 nos
2017 4421 2096 4466 ex
2129 4401 2337 4470 officii
2366 4406 2576 4471 nostri
2608 4406 2833 4472 debito
2868 4408 3027 4471 rele-

787 4512 1034 4581 uamini
1091 4511 1404 4580 dictorum
1457 4510 1789 4595 hospitum
1823 4515 2186 4578 nostrorum
2239 4533 2320 4577 ex
2360 4512 2571 4598 Regia
2622 4511 3026 4601 benignitate

786 4622 1125 4705 cupientes
1158 4621 1527 4707 prouidere,
1560 4627 1630 4687 ut
1661 4620 1948 4707 ipsorum
1980 4616 2204 4706 inopie
2239 4622 2654 4704 consulatur,
2696 4622 2870 4689 hanc
2902 4624 3023 4691 eis-

783 4727 936 4798 dem
971 4729 1336 4816 hospitibus
1369 4730 1611 4796 nostris
1660 4730 1743 4796 de
1780 4725 2103 4813 Suprunio
2157 4731 2451 4814 graciam
2503 4730 2866 4816 specialem
2897 4733 3012 4801 du-
