3416 5313
1732 417 1820 484 54

666 617 937 682 formam
970 615 1181 700 redigi
1210 616 1597 682 faceremus.
1652 614 1849 681 Cuius
1883 609 2062 699 (igy)
2097 592 2385 695 quidssffm
2420 599 2783 673 litterarum
2816 616 2932 676 te-

668 745 786 791 nor
818 724 971 789 talis
1004 736 1104 789 est
1139 749 1153 789 z
1578 788 1579 791 ,

882 834 1021 917 Ego
1072 832 1408 900 Johannes
1439 832 1608 898 filius
1664 833 1844 900 Petri
1883 830 2158 915 jobagio
2210 829 2431 899 Castri
2496 820 2930 903 Posoniensis

673 964 844 1008 anno
895 944 1160 1009 Domini
1200 943 1300 1008 Μο
1351 943 1488 1010 00⁰
1539 944 1967 1027 nonagesimo
2020 941 2231 1026 primo
2284 940 2346 1007 in
2403 931 2935 1022 quadragesima,

673 1050 965 1116 existens
1002 1060 1065 1116 et
1099 1051 1398 1117 residens
1434 1051 1498 1115 in
1536 1048 1771 1116 Castro
1806 1049 2022 1131 Owa1·‚
2055 1049 2207 1115 dum
2242 1049 2309 1114 in
2335 1050 2577 1117 lectum
2613 1047 2934 1140 egritudi-

675 1159 778 1226 nis
809 1157 1184 1226 incidissem
1214 1209 1231 1237 ,
1284 1161 1512 1226 volens
1562 1160 1758 1226 finem
1795 1180 2008 1225 mcum
2063 1158 2410 1244 prcueuire
2430 1208 2458 1243 ,
2487 1174 2687 1240 quam
2723 1178 2766 1225 a
2796 1157 2926 1224 fine

678 1269 1049 1351 preueniri,
1097 1267 1246 1335 misi
1278 1269 1585 1334 nuncium
1643 1288 1857 1335 meum
1891 1267 1981 1333 ad
2012 1265 2435 1333 honorabiles,
2485 1267 2666 1333 viros
2718 1266 2926 1352 magi·

679 1382 887 1442 strum
918 1376 1330 1443 Dominicum
1381 1377 1799 1461 Prepositum
1834 1383 1899 1454 et
1933 1375 2309 1465 Capitulum
2361 1374 2670 1440 Ecclesie
2725 1375 2925 1441 Poso-

680 1482 966 1565 niensis,
1020 1489 1091 1548 ut
1123 1503 1318 1550 vnum
1355 1485 1458 1549 uel
1495 1485 1660 1551 duos
1696 1486 1870 1550 viros
1903 1482 2197 1569 ydoneos
2232 1483 2318 1549 de
2356 1480 2668 1566 Capitulo
2702 1482 2789 1548 ad
2822 1503 2928 1549 me

681 1591 1052 1676 mitterent,
1111 1611 1325 1658 coram
1360 1592 1595 1675 quibus
1627 1612 1845 1658 meum
1879 1591 2228 1658 conderem
2280 1595 2765 1658 testamentum.
2799 1591 2927 1672 Qui

684 1699 847 1766 meis
899 1699 1332 1783 peticionibus
1364 1700 1549 1768 iuxta
1602 1699 2142 1768 consuetudinem
2194 1705 2565 1766 annuentes
2615 1700 2937 1767 miserunt

686 1806 773 1876 ad
806 1827 903 1873 me
942 1807 1102 1875 duos
1153 1828 1234 1874 ex
1268 1809 1405 1894 eis,
1459 1809 1767 1876 videlicet
1800 1809 2195 1895 magistrum
2243 1807 2594 1874 Nicolaum
2649 1809 2936 1877 Canoni-

689 1937 827 1984 cum
864 1924 929 1982 et
977 1917 1360 2005 magistrum
1414 1919 1764 1985 Martiuum
1815 1918 2121 1991 clericum
2177 1917 2262 1983 de
2296 1939 2488 2002 coro,
2542 1918 2608 1984 in
2660 1937 2934 2001 quorum

689 2025 1049 2112 presencia,
1084 2033 1149 2093 et
1177 2027 1448 2112 insuper
1482 2027 1547 2091 in
1580 2025 1929 2111 presencia
1962 2025 2395 2093 discretorum
2441 2026 2730 2093 virorum
2763 2030 2938 2096 Petri

691 2134 962 2220 plebani
995 2134 1078 2200 de
1111 2134 1407 2201 Musunio
1442 2142 1507 2202 et
1537 2136 1864 2202 Johannis
1912 2134 2284 2202 sacerdotis
2315 2134 2399 2201 de
2433 2133 2733 2202 Chuzthu
2756 2186 2774 2216 ‚
2828 2139 2940 2220 qui

696 2243 783 2311 ad
814 2261 1028 2308 meam
1062 2244 1456 2328 peticionem
1505 2266 1636 2311 vna
1678 2265 1821 2311 cum
1873 2243 2129 2312 eisdem
2181 2244 2501 2328 aderant,
2557 2243 2827 2329 insuper
2873 2245 2938 2310 in

696 2353 1040 2436 presencia
1089 2353 1330 2421 nobilis
1386 2354 1649 2421 domine
1702 2373 1984 2421 nouerce
2034 2372 2178 2418 mee
2232 2352 2465 2420 relicte
2518 2351 2704 2419 Petri
2738 2356 2948 2438 patris

698 2459 846 2545 mei,
878 2461 1256 2528 astantibus
1290 2463 1499 2528 eciam
1533 2464 1863 2531 nobilibus
1916 2462 2077 2529 viris
2112 2460 2467 2529 Salamone
2500 2470 2569 2529 et
2602 2463 2947 2549 Stephano

700 2567 858 2654 filijs
910 2569 1135 2656 Sauli,
1188 2578 1253 2638 et
1285 2572 1573 2640 Corrado
1608 2571 1739 2637 filio
1789 2572 2123 2658 Marcelli,
2177 2569 2413 2638 vicinis
2466 2569 2548 2637 de
2602 2570 2849 2659 Insula,
2884 2582 2956 2638 et

704 2677 857 2763 alijs
893 2699 1084 2763 quam
1122 2680 1443 2767 pluribus,
1476 2684 1642 2749 inter
1677 2689 1938 2751 ceteras
1973 2690 2039 2749 et
2058 2683 2231 2749 alias
2265 2680 2730 2749 ordinaciones
2763 2703 2954 2752 meas

705 2786 1023 2871 ordinaui,
1059 2790 1234 2870 dedi,
1272 2791 1506 2873 reliqui
1539 2800 1604 2858 et
1637 2791 1857 2875 legaui
1891 2791 2245 2873 quamdam
2280 2789 2781 2874 possessionem
2814 2811 2952 2858 me·-

708 2915 808 2960 am
860 2895 1122 2965 Thurne
1172 2908 1513 2982 uocatam,
1562 2901 1743 2987 olym
1796 2919 1876 2965 ex
1928 2897 2560 2982 donacionesRegia
2615 2899 2954 2983 collatam,

708 3011 1024 3090 perpetuo
1077 3008 1543 3089 possidendam
1594 3027 1713 3094 pro
1749 3009 1962 3076 salute
1996 3017 2062 3075 et
2094 3007 2387 3076 remedio
2440 3006 2659 3077 anime
2711 3028 2853 3075 mee
2886 3021 2957 3073 et

712 3114 992 3180 omnium
1025 3125 1368 3202 parentum
1402 3138 1690 3186 meorum
1725 3119 2020 3187 Ecclesie
2051 3118 2278 3185 Sancti
2315 3117 2681 3184 Saluatoris
2715 3117 2798 3183 de
2832 3119 2952 3183 Po-

712 3221 918 3306 soni0,
952 3225 1070 3291 sub
1106 3228 1287 3293 cuius
1340 3229 1677 3314 cymiterio
1729 3237 1921 3313 pater
1954 3244 2140 3292 meus
2174 3226 2412 3292 Comes
2445 3225 2677 3291 Petrus
2730 3231 2797 3292 et
2828 3224 2949 3309 alij

712 3332 1172 3412 progenitores
1227 3335 1353 3402 mei
1401 3338 1855 3419 requiescunt,
1910 3334 2066 3417 quia
2100 3339 2168 3398 et
2214 3352 2338 3416 ego
2393 3331 2604 3399 eciam
2652 3330 2745 3398 ibi
2780 3333 2956 3418 elegi

715 3442 782 3501 et
812 3459 1066 3508 exnunc
1102 3444 1272 3529 eligo
1304 3448 1715 3531 sepulturam
1738 3494 1755 3528 ,
1788 3447 1882 3512 ita
1913 3451 2158 3527 tamen,
2196 3442 2370 3527 quod
2408 3443 2466 3508 si
2500 3443 2817 3511 Dominus
2850 3461 2956 3509 me

717 3552 1186 3620 conualescere
1235 3555 1503 3640 fecerit,
1556 3563 1617 3622 et
1650 3555 1961 3638 quamdiu
2013 3555 2246 3622 uiuere
2278 3559 2547 3638 potero,
2602 3554 2957 3621 dominium

721 3654 1013 3723 eiusdem
1064 3660 1508 3743 possessionis
1563 3662 1801 3729 tenebo
1835 3667 1900 3726 et
1924 3660 2226 3744 habeb0‚
2282 3660 2401 3728 sed
2456 3681 2599 3727 cum
2633 3661 2956 3727 transiero

722 3761 805 3830 de
835 3784 915 3832 ac
949 3762 1123 3856 (igy)
1158 3771 1316 3855 vita,
1365 3774 1507 3858 ipso
1539 3772 1717 3842 facto
1750 3779 2054 3839 transeat
2085 3771 2154 3837 in
2187 3767 2547 3837 dominium
2580 3777 2645 3836 et
2676 3776 2959 3855 potesta-

722 3877 851 3940 tem
904 3875 1196 3946 Ecclesie
1247 3882 1665 3968 supradicte,
1715 3881 1896 3948 nullo
1931 3880 2016 3947 de
2073 3878 2373 3962 cognatis
2427 3877 2590 3945 meis
2645 3877 2963 3945 contradi·

726 3988 912 4048 cente
934 4034 952 4068 ,
1007 4005 1153 4052 cum
1203 3988 1348 4074 ipsa
1379 3990 1722 4078 possessio
1773 4009 1900 4055 non
1935 3988 2020 4056 sit
2052 3983 2498 4070 hereditaria,
2533 3984 2658 4053 sed·
2682 3985 2962 4054 collacio

725 4089 931 4175 Regie
963 4094 1354 4187 Maiestatis,
1384 4106 1451 4164 ut
1481 4100 1777 4185 superius
1810 4104 1913 4166 est
1930 4096 2346 4183 premissum.
2381 4095 2628 4161 Datum
2660 4093 2961 4162 Sabbato

726 4199 1023 4284 proximo
1055 4210 1212 4273 ante
1242 4207 1652 4274 Dominicam
1700 4208 1927 4276 Ramis
1959 4205 2354 4273 Palmamm.

940 4311 1076 4379 Nos
1107 4331 1262 4381 uero
1283 4314 1471 4384 iustis
1493 4316 1930 4401 peticionibus
1957 4312 2309 4381 eorundem
2330 4313 2791 4398 magistrorum
2823 4310 2961 4376 An·

651 4441 655 4446 ·
731 4414 890 4482 dree
933 4425 998 4485 et
1044 4420 1302 4490 Nicolai
1352 4432 1737 4507 annuentes,
1772 4421 2104 4510 predictas
2160 4419 2384 4487 literas
2432 4419 2847 4505 aperientes,
2898 4417 2966 4483 in

730 4524 916 4592 nulla
947 4531 1045 4597 sui
1099 4539 1283 4616 parte
1340 4541 1681 4620 suspectas
1735 4533 1840 4598 uel
1890 4530 2168 4597 uiciatas
2201 4528 2283 4596 de
2338 4527 2543 4595 uerbo
2576 4526 2667 4593 ad
2696 4525 2970 4593 uerbum

731 4639 1080 4707 transcribi
1112 4642 1385 4710 fecimus
1406 4694 1424 4728 ‚
1482 4645 1645 4711 etin
1695 4644 1905 4728 ipsius
1949 4639 2046 4707 rei
2092 4637 2538 4708 testimonium
2588 4634 2969 4703 euidencius

728 4750 792 4812 et
820 4748 1196 4825 firmitatem
1228 4764 1456 4825 nostro
1509 4753 1730 4845 sigillo
1763 4747 2157 4830 autenticari
2188 4754 2252 4823 et
2283 4745 2687 4819 communiri.
2724 4746 2964 4813 Datum
