3416 5313
1436 376 1516 441 31

363 593 497 661 suis
550 600 862 678 perpetuo
897 591 1297 678 possidende
1344 595 1735 658 statuantur.
1785 589 1912 667 Qui
1961 589 2218 673 quidem
2279 584 2590 671 magister

360 702 634 768 Alexius
667 710 733 766 et
768 702 1000 767 Comes
1032 700 1372 786 Philippus
1422 699 1841 784 presentibus
1876 704 1942 764 et
1975 696 2346 764 conuocatis
2381 697 2589 762 omni-

361 813 481 876 bus
515 809 987 877 commetaneis
1021 814 1087 873 et
1120 808 1372 891 vicinis,
1406 817 1472 873 et
1504 807 1885 890 specialiter
1918 806 2240 888 Samuele,
2278 802 2589 871 Preuchel

361 926 427 985 et
457 918 780 987 Michaele
816 917 972 984 filiis
1005 918 1210 1002 Sauli,
1247 924 1311 982 et
1344 915 1712 1001 hospitibus
1752 915 1836 980 de
1869 913 2442 995 Bezterchebana,
2478 932 2593 997 po-

357 1025 530 1112 pulis
564 1028 805 1093 nostris
839 1025 923 1091 de
956 1026 1363 1111 Keremchey
1415 1030 1479 1092 et
1512 1022 1755 1108 Oeged,
1789 1024 1967 1090 nullo
2017 1022 2278 1107 penitus
2329 1026 2586 1088 contra-

358 1134 609 1199 dictore
643 1137 964 1200 existente
1016 1134 1144 1217 ipsi
1178 1132 1415 1201 Comiti
1448 1131 1751 1199 Dionisio
1802 1138 1867 1198 et
1919 1130 2231 1217 pretactis
2266 1128 2423 1194 filiis
2457 1127 2592 1195 suis

360 1241 699 1307 statuisset
732 1240 1057 1307 distinctis
1092 1243 1284 1308 metis
1319 1241 1437 1306 tali
1472 1238 1703 1308 modo:
1740 1239 1925 1317 Quod
1959 1236 2331 1324 incipiendo
2364 1257 2405 1302 a
2441 1256 2586 1320 quo·

360 1348 512 1414 dam
548 1360 743 1433 puteo
768 1403 785 1435 ‚
838 1351 947 1432 qui
982 1358 1085 1416 est
1117 1351 1236 1416 sub
1287 1350 1458 1434 alpe,
1491 1370 1605 1434 per
1644 1368 1838 1432 quam
1872 1347 2186 1413 transitur
2231 1346 2302 1412 in
2336 1341 2594 1411 Turuch

351 1463 541 1541 juxta
576 1478 883 1541 magnam
914 1459 1107 1541 viam,
1141 1466 1210 1524 ut
1243 1459 1307 1522 in
1345 1458 1579 1525 eadem
1611 1459 1722 1525 via
1757 1457 1974 1525 eundo
2011 1456 2193 1522 cadit
2222 1456 2291 1522 in
2321 1453 2591 1522 fluuium

363 1566 785 1652 Chevnichey
811 1591 825 1647 3
865 1568 931 1632 in
956 1569 1316 1649 eodemque
1336 1566 1530 1633 fluuio
1553 1566 2020 1634 descendendo
2054 1565 2328 1632 inferius
2359 1565 2597 1632 abhinc

360 1678 545 1741 venit
578 1675 665 1741 ad
695 1695 1000 1759 magnam
1049 1677 1224 1742 viam
1275 1676 1575 1742 similiter
1612 1678 1695 1743 de
1727 1674 2022 1757 'Puruch‚
2075 1694 2200 1758 que
2255 1680 2525 1758 separat
2557 1694 2598 1737 a

367 1781 565 1848 metis
602 1781 886 1847 ciuitatis
937 1783 1019 1847 de
1052 1783 1623 1865 Bczterchebana,
1677 1792 1743 1850 et
1776 1783 1987 1875 eundo
2042 1783 2108 1847 in
2159 1782 2307 1866 ipsa
2357 1800 2601 1863 magna

360 1893 474 1958 via
509 1890 684 1958 cadit
733 1890 799 1954 in
847 1892 1125 1956 riuulum
1159 1889 1479 1981 Udurnya
1527 1912 1757 1958 versus
1809 1893 2054 1975 Goron,
2101 1897 2165 1955 et
2217 1891 2313 1955 sic
2362 1892 2602 1956 transit

364 2000 588 2067 Goron
644 1999 891 2064 directe
941 1998 1241 2066 ascendit
1295 2001 1442 2085 ipsa
1494 2006 1669 2064 meta
1721 1999 1806 2063 ad
1864 2007 2153 2065 montem
2203 1999 2432 2085 Urpyn
2484 2016 2603 2081 per

365 2107 714 2191 quemdam
768 2108 1072 2174 verticem
1110 2108 1435 2193 lapideum
1460 2160 1475 2188 ,
1529 2118 1592 2175 et
1625 2110 1720 2175 sic
1755 2109 2086 2174 transiens
2140 2107 2323 2172 vadit
2357 2111 2419 2172 in
2456 2125 2595 2172 ver-

362 2217 496 2282 tice
528 2216 762 2281 montis
800 2213 1031 2302 Urpyn
1069 2217 1246 2283 circa
1277 2237 1477 2283 vnum
1510 2224 1787 2302 pratum,
1840 2217 2015 2297 quod
2047 2215 2328 2299 pertinet
2360 2214 2448 2280 ad
2476 2223 2601 2280 ter-

367 2345 511 2390 ram
546 2324 865 2391 Raduana
899 2343 1103 2407 usque
1139 2326 1221 2390 ad
1255 2326 1443 2390 finem
1478 2325 1685 2413 ipsius
1721 2326 1960 2391 montis
1987 2306 2008 2409 ς’
2041 2324 2282 2390 deinde
2316 2322 2604 2389 declinat

366 2451 593 2497 versus
627 2438 882 2515 partem
904 2432 1206 2498 dextram
1235 2433 1320 2497 ad
1354 2434 1697 2515 quemdam
1724 2434 2147 2499 monticulum
2185 2452 2606 2519 communem,

370 2550 440 2606 et
474 2541 563 2606 ibi
598 2539 779 2604 vadit
812 2540 878 2605 in
931 2540 1152 2624 capite
1203 2542 1562 2607 riuulorum
1582 2592 1597 2625 ,
1649 2543 1760 2624 qui
1795 2551 2057 2609 currunt
2092 2542 2173 2607 de
2207 2541 2353 2625 ipso
2387 2541 2610 2607 monti-

368 2649 522 2715 culo
559 2651 617 2714 in
656 2648 874 2736 Goron
898 2701 916 2735 ,
973 2655 1039 2714 et
1072 2649 1162 2714 ibi
1199 2649 1380 2715 vadit
1413 2650 1498 2717 ad
1537 2659 1822 2717 meatum
1857 2648 2193 2736 cujusdam
2228 2649 2458 2733 riuuli‚
2495 2650 2610 2716 ubi

369 2759 586 2823 eciam
618 2756 942 2840 particula
994 2755 1193 2837 silue,
1249 2777 1374 2839 que
1407 2756 1789 2845 Buykbyky
1842 2768 2148 2842 vocatur,
2203 2758 2313 2840 qui
2354 2764 2608 2824 meatus

365 2864 568 2931 riuuli
601 2856 870 2948 separat
900 2871 1142 2930 terram
1196 2865 1515 2931 Raduana
1562 2887 1605 2932 a
1637 2876 1815 2933 terra
1844 2867 2124 2933 filiorum
2154 2866 2359 2949 Sauli,
2411 2874 2477 2931 et
2510 2865 2606 2933 sic

368 2976 438 3037 in
472 2974 618 3057 ipso
672 2973 881 3040 riuulo
941 2972 1128 3038 vadit
1178 2972 1247 3046 in,
1299 2974 1555 3060 Goron3
1613 2994 1974 3059 parumque
2030 2973 2496 3042 descendendo
2543 2976 2609 3038 in

369 3082 594 3148 Goron
628 3084 761 3146 exit
792 3081 858 3145 in
894 3080 1242 3165 quemdam
1273 3081 1538 3152 fluuium
1584 3084 2066 3168 Kalnukpotok
2100 3090 2445 3169 vocatum,
2500 3083 2608 3166 qui

367 3187 515 3254 fluit
546 3192 609 3256 in
645 3190 864 3256 Goron
898 3210 939 3255 a
969 3198 1159 3277 parte
1193 3192 1735 3275 septemtrionali,
1778 3197 1844 3257 et
1876 3192 1973 3257 sic
2024 3193 2390 3259 ascendens
2425 3190 2606 3257 vadit

371 3316 583 3379 vsque
619 3295 708 3361 ad
741 3302 936 3380 caput
968 3296 1171 3380 ipsius
1204 3294 1403 3383 fluuii,
1438 3289 1549 3363 vbi
1583 3296 1791 3362 eciam
1819 3305 1921 3364 est
1953 3317 2081 3364 vna
2111 3316 2353 3382 magna
2385 3297 2604 3379 arbor,

374 3425 505 3489 que
541 3403 892 3487 vulgariter
922 3405 1068 3488 twlq
1117 3400 1386 3488 dicitur,
1440 3423 1565 3486 que
1614 3414 1885 3489 separat
1935 3413 2172 3471 terram
2205 3407 2530 3472 Raduana
2563 3423 2604 3468 a

372 3524 558 3580 terra
590 3512 1025 3598 Keremchej3
1076 3513 1446 3597 deindeque
1486 3515 1783 3581 ascendit
1818 3515 1905 3580 ad
1954 3537 2148 3583 vnam
2198 3518 2436 3582 siluam
2476 3537 2607 3581 ma-

375 3642 579 3707 gnam
633 3620 740 3687 vbi
795 3620 969 3687 cadit
1019 3620 1088 3685 in
1137 3618 1405 3686 fluuium
1455 3623 1756 3707 MalahO,
1814 3630 1880 3689 et
1930 3627 2025 3689 sic
2073 3624 2369 3691 ascendit
2401 3643 2608 3706 vsque

375 3732 469 3796 ad
499 3736 700 3814 caput
728 3727 947 3812 fluuii;
979 3728 1221 3795 deinde
1254 3728 1664 3797 descendens
1696 3732 1878 3796 venit
1911 3732 2086 3796 circa
2110 3734 2365 3798 domum
2390 3731 2615 3818 Ceged

376 3840 447 3903 in
482 3837 708 3901 eodem
742 3832 939 3900 fluuio
959 3886 978 3920 ,
1032 3842 1095 3899 et
1125 3833 1362 3901 deinde
1397 3836 1625 3901 exiens
1656 3837 1845 3902 vadit
1882 3837 1969 3903 ad
2005 3838 2213 3923 viam,
2267 3859 2393 3921 que
2429 3838 2607 3904 ducit

375 3946 448 4011 in
478 3940 737 4009 'Puruch
757 3994 776 4028 ,
826 3948 893 4008 et
925 3942 1020 4006 sic
1053 3942 1118 4007 in
1146 3967 1147 3970 ¹
1173 3942 1323 4027 ipsa
1353 3944 1462 4009 via
1493 3943 1680 4010 vadit
1715 3965 1918 4028 vsque
1970 3945 2056 4010 ad
2085 3942 2352 4012 fluuium
2387 3944 2611 4013 Udur-

377 4071 556 4141 nya,
608 4049 795 4116 etita
826 4069 1056 4135 parum
1110 4038 1530 4117 ascendendo
1582 4054 1711 4117 exit
1744 4050 1832 4116 ad
1883 4053 2084 4118 alium
2135 4054 2452 4142 riuulum‚
2505 4056 2616 4139 qui

377 4159 623 4228 transit
651 4158 740 4225 ad
771 4157 1090 4240 quasdam
1122 4158 1448 4243 virgultas
1468 4211 1487 4244 ,
1537 4159 1645 4224 vbi
1679 4159 1889 4225 eciam
1925 4167 2027 4226 est
2058 4180 2225 4227 vnus
2258 4167 2515 4249 puteus,
2551 4171 2617 4228 et

380 4268 620 4335 deinde
651 4267 857 4333 tendit
886 4287 1116 4334 versus
1149 4287 1248 4334 ma
1259 4288 1458 4354 gnam
1490 4268 1725 4335 siluam
1746 4317 1766 4353 ,
1818 4276 1882 4334 et
1912 4270 1977 4334 in
2009 4270 2127 4335 illa
2173 4291 2415 4354 magna
2445 4270 2617 4338 silua

381 4376 568 4445 vadit
600 4375 687 4442 ad
718 4395 914 4443 vnum
942 4384 1224 4444 montem
1245 4430 1264 4464 ‚
1298 4378 1409 4461 qui
1440 4377 1879 4465 Aryuberych
1911 4377 2191 4463 dicitur;
2224 4379 2464 4448 deinde
2485 4375 2612 4449 'va-

383 4488 482 4555 dit
514 4487 602 4551 ad
628 4483 916 4552 Iuanche
947 4491 1012 4552 et
1042 4487 1140 4551 sic
1173 4488 1501 4554 transiens
1536 4507 1653 4571 per
1686 4487 2016 4570 quendam
2052 4489 2349 4576 beyerch‚
2372 4492 2479 4572 qui
2512 4510 2614 4555 se-

384 4602 580 4680 parat
612 4597 694 4661 de
717 4594 995 4677 Turuch,
1026 4594 1197 4661 redit
1217 4596 1307 4662 ad
1338 4596 1605 4661 eundem
1631 4605 1898 4680 puteum
1919 4597 2029 4663 vbi
2062 4597 2512 4682 incipiebatur,
2548 4604 2615 4663 et

388 4705 482 4771 sic
516 4700 1006 4770 terminabatur.
1056 4704 1132 4768 In
1164 4700 1346 4789 cujus
1382 4705 1474 4772 rei
1524 4706 1900 4771 memoriam
1938 4723 2056 4770 seu
2093 4700 2611 4781 donacionis‘fir-
