3416 5313
1520 377 1647 443 149

1521 1005 1638 1072 9⁵.

454 1184 582 1251 ΙΙΙ.
599 1185 808 1252 madre
826 1186 1040 1274 kirdly
1056 1184 1433 1253 Chelaelokai
1442 1186 1883 1255 Domokosnak
1903 1187 2093 1252 Paad
2110 1189 2376 1255 bircokot
2394 1189 2698 1275 tdrqyazd

453 1292 981 1381 adoma'nyozdscit
1013 1317 1089 1358 az
1127 1293 1368 1381 erdelyi
1415 1295 1727 1381 kdptalan
1757 1299 2050 1361 szdmdra
2079 1298 2447 1383 mcqcrb'siti.
2497 1298 2691 1365 1296.

667 1475 970 1544 Andreas
992 1474 1119 1542 Dei
1140 1475 1369 1563 gracia
1387 1476 1740 1560 Hungarie,
1762 1477 2126 1554 Dalmacie,
2147 1476 2444 1563 Croacie,
2464 1477 2692 1559 Bame,

454 1587 726 1671 Seruye,
761 1584 1086 1673 Gallycie,
1107 1584 1525 1673 Lodomyrie,
1562 1586 1897 1673 Cumanis,
1933 1586 2369 1673 Bulgaricque
2397 1588 2541 1654 Rex
2562 1606 2692 1653 om-

452 1699 642 1764 nibus
676 1692 922 1763 Christi
953 1694 1257 1764 fidelibus
1290 1701 1421 1766 tam
1469 1696 1892 1783 presentibus
1921 1715 2116 1780 quam
2147 1696 2379 1763 futuris
2413 1695 2692 1764 salutem

451 1803 517 1868 in
574 1800 853 1870 Domino
905 1803 1399 1891 sempiternam.
1451 1801 1555 1870 Ad
1604 1804 2050 1872 uniuersorum
2100 1803 2411 1872 noticiam
2458 1801 2693 1870 harum

449 1913 741 1979 volumus
794 1931 988 2000 serye
1026 1912 1391 1980 litterarum
1443 1912 1793 1999 peruenire
1813 1961 1830 1996 ,
1884 1912 2057 1997 quod
2088 1912 2469 1982 Dominicus
2517 1910 2691 1979 filius

450 2018 751 2087 Ladizlai
783 2019 867 2087 de
894 2020 1283 2090 Chekeloka
1315 2019 1403 2089 ad
1433 2028 1723 2091 nostram
1764 2021 2093 2091 accedens
2125 2018 2559 2107 presenciam,
2579 2040 2690 2087 no-

449 2128 622 2194 mine
655 2146 774 2193 suo
808 2134 873 2195 et
903 2130 1167 2197 nomine
1188 2130 1414 2198 Lukas
1446 2127 1665 2198 fratris
1700 2130 1802 2196 sui
1837 2130 2181 2199 confessus
2204 2133 2320 2212 est,
2353 2128 2689 2212 quandam

448 2243 684 2304 terram
719 2234 907 2303 Paad
926 2244 1231 2305 vocatam
1253 2257 1443 2323 quam
1463 2237 1916 2324 progenitores
1938 2237 2059 2322 sui,
2092 2238 2324 2304 Petrus
2355 2235 2686 2322 videlicet,

447 2351 516 2413 ct
543 2343 901 2413 Ladizlaus
935 2365 1018 2414 ex
1071 2347 1438 2415 collacione
1469 2347 1674 2432 Regis
1708 2346 1905 2432 Bele,
1939 2346 2153 2415 felicis
2202 2334 2690 2413 recordacionis

445 2454 817 2521 habuerunt
849 2461 916 2521 et
947 2460 1309 2538 tenuerunt,
1342 2462 1535 2541 prout
1553 2456 1624 2522 in
1656 2453 2005 2541 priuilegio
2037 2454 2249 2541 ipsius
2280 2453 2486 2538 Regis
2529 2454 2693 2522 Bele

445 2561 725 2631 vidimus
760 2563 1097 2644 contineri,
1132 2563 1433 2652 Capitulo
1468 2566 1769 2633 Ecclesie
1802 2564 1992 2634 Beati
2023 2561 2367 2632 Michaelis
2401 2563 2690 2630 Archan-

448 2673 578 2760 geli
612 2674 1056 2742 'l'ransiluane
1105 2695 1225 2760 per
1256 2674 1589 2760 predictos
1622 2677 1884 2743 Petrum
1919 2681 1988 2741 et
2019 2674 2407 2743 Ladizlaum
2440 2692 2561 2758 pro
2595 2692 2690 2739 re·

446 2782 687 2869 medyo
720 2784 1086 2851 animarum
1121 2803 1380 2853 suarum
1400 2784 1604 2852 fuisse
1637 2783 1970 2869 donatam,
2006 2792 2071 2850 et
2102 2784 2278 2852 idem
2309 2780 2692 2849 Dominicus

444 2891 816 2979 predictam
854 2890 1287 2962 donacionem
1310 2893 1519 2980 patris
1552 2892 1673 2960 sub
1705 2929 1794 2941 —
1815 2930 1901 2941 —
1937 2891 2181 2961 factam
2217 2890 2321 2960 sui
2352 2897 2419 2959 et
2450 2909 2690 2958 memo-

443 3003 570 3068 rati
601 3003 823 3071 fratris
855 3002 957 3071 sui
1008 3003 1271 3071 nomine
1303 3012 1514 3071 ratam
1547 3002 1781 3070 habuit
1812 3009 1877 3071 et
1909 3008 2271 3088 acceptam.
2319 3003 2458 3070 Nos
2491 2998 2689 3088 igitur

444 3112 793 3199 perspicue
814 3110 1367 3181 consideracionis
1386 3114 1830 3192 attendentes,
1862 3112 2038 3197 quod
2070 3130 2172 3196 ea,
2207 3130 2332 3194 que
2365 3111 2510 3176 Deo
2544 3127 2690 3176 cum

444 3222 560 3308 pia
593 3220 957 3291 deuocione
976 3221 1265 3293 fidelium
1297 3232 1451 3293 sunt
1484 3226 1750 3310 collata,
1786 3225 2013 3312 Regyo
2046 3224 2293 3292 debent
2323 3221 2688 3309 patrocinio

443 3331 764 3415 roborari,
788 3351 869 3400 ac
892 3332 1208 3401 roborata
1240 3336 1640 3419 conseruari,
1663 3333 2095 3402 donacionem
2128 3329 2481 3401 eorundem
2513 3330 2690 3397 Petri

443 3447 511 3507 et
543 3441 867 3530 Ladizlay
900 3459 982 3508 ac
1002 3480 1087 3491 --
1108 3478 1194 3488 —-
1227 3443 1285 3510 is
1319 3441 1891 3528 descendencium,
1914 3441 2045 3529 ipsi
2078 3440 2382 3528 Capitulo
2413 3439 2689 3509 Albensi

445 3550 638 3636 iuste,
671 3554 743 3615 ut
772 3549 1211 3637 premisimus,
1234 3556 1300 3619 et
1330 3548 1622 3636 legitime
1655 3553 1924 3638 factam,
1958 3549 2049 3618 ad
2067 3550 2460 3618 instanciam
2493 3555 2557 3614 et
2575 3565 2686 3632 pe·

442 3660 749 3729 ticionem
795 3658 1088 3744 ejusdem
1140 3658 1423 3746 Capituli
1478 3662 1871 3729 auctoritate
1903 3699 1988 3710 —-
2021 3694 2109 3708 --
2141 3680 2205 3725 m
2237 3680 2319 3727 ex
2352 3669 2531 3727 certa
2563 3659 2685 3724 sci-

445 3767 636 3835 encia
668 3766 974 3837 duximus
1026 3767 1556 3836 confirmandam.
1609 3769 1688 3836 In
1722 3770 1911 3855 cujus
1943 3767 2039 3833 rei
2070 3766 2450 3835 memoriam
2493 3766 2685 3833 firmi-

444 3882 782 3962 tatemque
813 3882 1198 3963 perpetuam
1247 3882 1588 3961 presentes
1640 3876 2082 3944 concessimus
2115 3874 2372 3942 litteras
2403 3870 2685 3958 duplicis

443 3983 643 4074 sigilli
676 3982 885 4051 nostri
916 3983 1273 4050 munimine
1303 3982 1667 4050 roboratas.
1698 3984 1942 4052 Datum
1976 4003 2095 4071 per
2148 4001 2381 4050 manus
2412 4002 2683 4051 venera-

442 4093 595 4161 bilis
626 4091 836 4180 patris
867 4088 1115 4159 domini
1146 4089 1473 4158 Theodori
1520 4092 1647 4159 Dei
1677 4094 1906 4178 gracia
1937 4091 2256 4179 Episcopi
2284 4090 2685 4170 Jauriensis‚

445 4203 593 4273 aule
639 4209 860 4270 nostre
915 4199 1503 4270 Vico-Cancellarii
1520 4252 1540 4287 ,
1594 4200 1820 4270 dilecti
1852 4208 1920 4269 et
1947 4201 2163 4270 fidelis
2201 4200 2454 4284 nostri,
2508 4220 2680 4267 anno

443 4312 711 4382 Domini
770 4307 1216 4379 MOOLXXX.
1281 4304 1455 4399 (igy)
1489 4310 1634 4378 VI⁰.
1653 4361 1674 4397 ,
1737 4311 1933 4375 X1110.
1994 4308 2321 4381 kalendas
2381 4310 2681 4398 Augusti,

441 4423 653 4509 Regni
682 4429 901 4491 autem
932 4418 1139 4487 nostri
1173 4438 1347 4487 anno
1380 4425 1587 4486 sexto.
2509 4461 2512 4464 Α

442 4618 719 4693 (Teutooh
744 4615 806 4678 6·
831 4615 1152 4676 Firnhaber
1172 4656 1188 4687 ,
1216 4613 1595 4674 Urkundenb.
1624 4636 1673 4673 z.
1713 4613 1924 4674 Gesch.
1950 4612 2221 4674 Siebenb.
2249 4615 2292 4673 1.
2317 4615 2441 4671 ket.
2475 4613 2595 4672 196.
2617 4613 2679 4690 l.)
