3416 5313
1861 384 1993 453 120

1867 1012 1976 1081 u.

806 1215 936 1280 111.
979 1213 1185 1278 Endre
1216 1186 1431 1297 kirdly
1488 1211 1905 1301 senadeknek,
1942 1184 2514 1296 bozq'ar-fahmm
2531 1209 2904 1299 pmpeknek
2937 1208 3050 1274 lw-

1217 1322 1380 1385 nuke
1409 1323 1572 1386 nevil
1616 1320 1885 1385 bz‘rtokot
1915 1321 2396 1407 adomdnyozza.
2442 1321 2637 1384 1295.

1019 1519 1326 1587 Andreas
1374 1518 1502 1585 Dei
1535 1517 1762 1601 gracia
1793 1521 1935 1585 Rex
1990 1516 2329 1602 Hungarie
2360 1516 2670 1588 memorie
2721 1537 3051 1588 commen·

811 1630 1042 1717 damus
1075 1627 1528 1711 significantes
1561 1627 1795 1712 quibus
1837 1627 2103 1712 expedit
2133 1626 2461 1697 vniuersis
2491 1628 2901 1713 presencium
2933 1648 3054 1715 per

808 1747 1102 1809 tenorem
1123 1788 1142 1822 ,
1176 1736 1350 1820 quod
1380 1754 1504 1801 nos
1553 1736 1634 1800 ob
1669 1736 1904 1804 merita
1938 1735 2361 1824 serviciorum
2407 1735 2811 1804 uenerabilis
2844 1735 3056 1820 patris

812 1846 1151 1920 Benedicti
1185 1843 1312 1911 Dei
1342 1844 1568 1930 gracia
1608 1844 1921 1932 Episcopi
1974 1846 2140 1911 Albe
2175 1845 2544 1932 Bulgarice‚
2583 1843 2939 1914 Secretarii
2989 1850 3058 1911 et

814 1954 1083 2024 Comitis
1119 1952 1389 2039 Capelle
1442 1958 1688 2037 nostre,
1723 1953 1952 2022 dilecti
1983 1960 2051 2019 et
2080 1951 2298 2022 fidelis
2331 1953 2558 2040 nostri,
2591 1954 2706 2036 qui
2739 1952 2929 2020 nobis
2965 1952 3052 2019 ab

814 2063 1114 2129 introitus
1144 2061 1353 2128 nostri
1385 2068 1678 2148 tempore
1719 2049 1783 2127 in
1819 2064 2116 2148 Regnum
2148 2060 2486 2144 Hungarie
2517 2070 2584 2131 et
2613 2063 2683 2129 in
2715 2067 2916 2146 antea
2946 2079 3056 2128 vs-

808 2193 931 2257 que
964 2171 1150 2237 modo
1203 2177 1269 2236 et
1307 2190 1476 2238 nunc
1526 2170 1804 2238 fideliter
1856 2177 1921 2238 et
1968 2169 2297 2237 indefesse
2347 2171 2593 2238 seruire
2640 2189 2769 2238 non
2822 2186 3040 2238 cessa-

813 2281 908 2349 uit
939 2281 1201 2349 labores
1238 2279 1572 2345 laboribus
1607 2279 2108 2363 accumulando,
2160 2280 2491 2365 quandam
2521 2288 2758 2347 terram
2792 2278 3061 2345 wduor·

817 2387 946 2455 nici
979 2387 1187 2456 nostri
1207 2386 1519 2471 Regalem
1542 2385 1627 2453 ad
1661 2405 1780 2452 nos
1813 2387 2189 2455 immediate
2212 2394 2621 2472 spectantem
2652 2388 2929 2455 Iwnuke
2948 2406 3062 2452 vo·

821 2503 1036 2567 catam
1058 2547 1077 2581 ,
1129 2513 1404 2562 uacuam
1457 2501 1522 2560 et
1570 2494 2053 2562 habitatoribus
2084 2495 2347 2581 penitus
2390 2496 2766 2564 destitutam
2790 2545 2807 2579 ‚
2862 2512 3063 2579 quam

820 2605 1121 2674 Andreas
1167 2601 1342 2670 filius
1374 2602 1543 2690 Elye
1589 2603 2006 2672 wduornicus
2037 2612 2298 2688 noster,
2352 2605 2462 2689 qui
2514 2604 2656 2672 sine
2708 2602 3063 2673 heredibus

822 2713 1197 2783 decessisse
1230 2712 1502 2795 dicitur,
1555 2712 1761 2779 tenuit
1812 2721 1877 2781 et
1907 2713 2204 2798 possedit
2254 2731 2459 2796 vsque
2489 2713 2706 2795 modo,
2744 2711 3066 2795 dedimus,

822 2822 1210 2893 donauimus
1244 2831 1311 2889 et
1331 2821 1715 2888 contulimus
1750 2821 1960 2888 eidem
2000 2821 2362 2889 venerabili
2400 2823 2573 2907 patri
2612 2821 2876 2890 domino
2908 2821 3065 2907 Epi-

821 2953 1022 3020 scopo
1056 2950 1199 2998 cum
1242 2929 1541 2998 omnibus
1562 2929 1950 2998 utilitatibus
1986 2938 2052 2999 et
2076 2930 2505 3014 pertinenciis
2542 2937 2712 2998 terre
2746 2930 3063 3020 predicte,

822 3043 891 3108 in
922 3040 1114 3109 terris
1162 3037 1473 3105 videlicet
1524 3039 1928 3127 arabilibus,
1983 3041 2267 3126 campis,
2321 3040 2528 3125 pratis
2564 3048 2628 3108 et
2668 3040 3066 3111 utilitatibus

821 3151 975 3218 aliis
1026 3148 1426 3234 quibuslibet
1476 3148 1613 3216 iure
1663 3157 1978 3234 perpetuo
2032 3149 2509 3233 possidendam
2569 3158 2634 3217 et
2683 3148 3066 3217 habendam

814 3262 1008 3348 juxta
1055 3257 1368 3325 terminos
1420 3256 1723 3339 antiquos
1773 3264 1839 3323 et
1888 3262 2207 3323 metarum
2241 3257 2529 3341 priorum
2576 3256 3067 3343 distincciones,

736 3413 737 3416 κ
823 3367 1273 3455 promittentes
1306 3364 1536 3450 eidem,
1569 3364 1744 3447 quod
1776 3366 2035 3449 quando
2084 3370 2422 3452 presentes
2456 3366 2650 3434 nobis
2682 3368 3072 3451 reportauit,

826 3484 1118 3545 nostrum
1153 3474 1277 3539 sibi
1310 3473 1729 3562 priuilegium
1784 3475 1929 3539 dari
1960 3473 2278 3542 faciemus
2310 3474 2392 3542 de
2439 3474 2693 3561 eadem,
2726 3476 3068 3564 peticioni·
3109 3461 3114 3466 ’

828 3587 950 3651 bus
985 3580 1382 3666 quibuslibet
1408 3577 1411 3580 ’
1433 3600 1550 3648 seu
1583 3582 2217 3651 contradiccionibus
2247 3603 2377 3651 non
2436 3582 2869 3652 obstantibus.
2923 3588 3069 3653 Da-

829 3700 963 3759 tum
998 3693 1180 3758 Bude
1232 3690 1399 3758 feria
1432 3691 1656 3773 quinta
1707 3691 2011 3779 proxima
2041 3697 2189 3776 post
2249 3698 2525 3760 octauas
2577 3692 2859 3777 Passce‚
2896 3713 3071 3761 anno

832 3797 1092 3866 Domini
1124 3798 1226 3865 Μο
1260 3797 1401 3866 00⁰
1433 3800 1857 3882 nonagesimo
1890 3797 2002 3866 V⁰.
2847 3801 2848 3804 ’

835 3992 957 4070 (ΠΙ.
984 3992 1174 4049 Endre
1199 4010 1545 4068 ugyanazon
1574 3991 1666 4049 evi
1692 3991 2041 4069 megerosito'
2069 3992 2475 4067 okmanyabol,
2503 3998 2655 4069 mely
2683 3994 2862 4055 alabb
2884 3997 2969 4055 75.
2993 4014 3075 4054 ez.

1020 4129 1029 4134 2
1725 4103 1777 4141 a.
1803 4081 2197 4152 hovetkezik.)

1693 4375 1908 4383 m-e
