3416 5313
1854 381 1984 450 208

787 581 1079 667 ejusdem
1136 581 1422 670 Capituli
1475 562 1539 649 et
1570 582 2016 672 predictorum
2068 580 2381 648 bonorum
2432 578 3033 666 possessionarum‚

786 693 1005 761 factae
1027 697 1092 759 et
1111 696 1568 777 sequestratae
1588 689 1852 759 fuerant
1873 711 2047 761 anno
2070 689 2334 759 Domini
2354 689 2703 758 millesimo
2723 686 3035 755 ducente-

787 802 952 870 simo
972 801 1407 886 nonagesimo
1428 819 1618 885 nono,
1656 801 2046 884 litteraeque
2069 800 2425 867 earundem
2449 796 3040 867 reambulationum

786 910 1015 978 eodem
1047 931 1221 978 anno
1254 908 1597 978 confectae
1629 914 1697 977 et
1720 916 2070 977 emanatas
2104 916 2276 994 sunt,
2300 929 2470 996 quas
2491 944 2579 964 --
2599 946 2685 955 —
2706 942 2795 954 —
2830 903 3039 973 domi-

787 1040 909 1090 nus
943 1018 1319 1087 Ludouicus
1339 1016 1466 1085 Dei
1498 1019 1718 1104 gratia
1738 1019 2122 1102 Hungariae
2154 1024 2277 1086 etc
2299 1019 2442 1084 Rex
2470 1053 2549 1065 -
2576 1052 2767 1065 —-—-
2799 1033 3039 1099 appr-o

790 1091 982 1196 bavit
1025 1132 1091 1193 et
1139 1124 1492 1195 ratificavit
1523 1166 1610 1177 —-
1645 1163 1732 1176 --
1764 1146 1941 1196 anno
1991 1126 2257 1195 Domini
2312 1127 2660 1195 millesimo
2709 1126 3028 1194 trecente·

789 1237 955 1305 simo
990 1236 1403 1322 sexagesimo
1440 1257 1630 1304 nono.
1665 1241 1745 1305 In
1780 1237 2016 1324 quibus
2051 1237 2294 1305 litteris
2328 1237 2497 1304 inter
2530 1237 2702 1304 alias
2736 1233 3044 1303 reambn·

790 1345 1075 1413 lationes
1123 1364 1382 1430 quoque
1428 1354 1747 1415 metarum
1798 1347 2242 1433 possessionis
2273 1345 2581 1413 Borband
2631 1366 2675 1412 a
2706 1350 2893 1431 parte
2928 1361 3046 1427 op-

791 1451 929 1537 pidi
965 1452 1237 1524 Karako
1287 1455 1409 1523 tali
1464 1454 1585 1521 sub
1631 1464 1861 1523 tenore
1914 1454 2377 1523 continentur:
2431 1452 2623 1521 Unde
2655 1472 2774 1538 per
2822 1451 3045 1537 ipsum

796 1562 1059 1650 Ompay
1092 1561 1357 1632 fluvium
1412 1563 1795 1631 ascenditur
1847 1565 2021 1631 inter
2074 1569 2283 1631 terras
2318 1560 2609 1650 Capituli
2640 1561 2724 1630 ab
2760 1567 3044 1642 utraque

794 1676 987 1755 parte
1019 1668 1200 1739 fluvii
1234 1690 1440 1756 usque
1473 1670 1558 1737 ad
1594 1673 1810 1740 locum
1832 1723 1849 1756 ‚
1902 1673 2015 1740 ubi
2047 1672 2221 1739 idem
2258 1667 2495 1740 fluvius
2549 1674 2884 1737 extractus
2916 1666 3048 1734 fuit

794 1777 875 1846 de
908 1781 1116 1848 veteri
1149 1778 1351 1850 fluvio
1387 1781 1686 1869 Ompay,
1720 1788 2141 1850 transeuntes
2180 1801 2299 1866 per
2332 1778 2561 1849 villam
2595 1777 2937 1873 Borband,
2975 1782 3044 1842 et

793 1908 909 1973 per
942 1888 1156 1955 locum
1189 1890 1398 1975 ipsius
1418 1889 1661 1957 veteris
1696 1887 1975 1978 Ompay,
2010 1890 2246 1975 inipso
2268 1890 2447 1957 exitu
2481 1888 2829 1976 praedicta
2861 1893 3043 1952 terra

794 1995 1107 2064 Borband
1128 2003 1550 2089 commetatug·
1571 2004 1793 2067 terrae
1829 1997 2072 2066 domini
2097 1998 2409 2088 Episcopi
2444 1999 2616 2066 Sard
2634 2002 2937 2078 vocatae,
2974 1995 3041 2059 in

795 2107 979 2173 cuius
1012 2105 1352 2175 vicinitate
1385 2127 1505 2191 per
1536 2107 1755 2174 locum
1787 2106 2028 2174 veleris
2064 2104 2343 2194 Ompey‚
2378 2107 2445 2172 in
2478 2106 2656 2191 Seeg
2689 2090 3051 2172 revertiturss

795 2213 882 2281 ad
912 2215 1231 2282 orientem
1265 2215 1353 2283 ad
1385 2222 1520 2282 tres
1569 2223 1781 2284 metas
1810 2221 2067 2284 terreas
2088 2266 2107 2302 ,
2159 2216 2227 2282 in
2261 2217 2395 2285 fine
2428 2221 2724 2284 satorum
2757 2214 3044 2299 positas,

795 2344 1064 2406 quarum
1116 2343 1247 2390 una
1299 2330 1401 2391 est
1432 2330 1646 2393 terrae
1680 2325 1850 2393 Sard
1869 2376 1885 2409 ‚
1920 2326 2058 2392 alia
2087 2332 2303 2395 terrae
2339 2325 2609 2414 Ompey‚
2647 2323 2849 2392 tertia
2879 2343 3039 2390 vero

794 2442 1009 2500 terrae
1040 2430 1347 2499 Borband
1366 2433 1813 2518 predictarum
1837 2458 1852 2519 ;
1888 2434 2041 2501 inde
2072 2432 2354 2502 flectitur
2377 2443 2604 2501 contra
2627 2434 3044 2518 septemtrio-

798 2560 944 2605 nem
964 2590 983 2624 ‚
1039 2547 1104 2607 et
1136 2541 1341 2607 intrat
1390 2561 1620 2610 nemus
1656 2541 1913 2629 Ompey
1946 2541 2034 2609 ad
2087 2541 2389 2609 arborem
2423 2541 2562 2606 tuul
2606 2548 2789 2609 meta
2824 2550 3046 2608 terrea

800 2648 1303 2735 circumdatam3
1337 2649 1493 2719 inde
1526 2654 1857 2719 transiens
1890 2653 2103 2739 ipsum
2138 2662 2428 2721 veterem
2458 2648 2726 2720 fluvium
2763 2651 3045 2737 Ompey,

796 2760 865 2824 in
899 2758 1187 2840 quadam
1220 2779 1389 2827 vena
1419 2760 1604 2828 venit
1637 2761 1726 2828 ad
1759 2763 2061 2829 arborem
2093 2761 2267 2828 ilicis
2304 2766 2479 2829 meta
2512 2766 2731 2837 terrea
2767 2762 3041 2827 circum-

797 2873 1072 2952 septam,
1106 2869 1256 2935 inde
1287 2867 1375 2934 ad
1410 2874 1652 2938 metam
1683 2878 1969 2938 terream
1993 2929 2011 2955 ,
2069 2872 2138 2937 in
2177 2890 2306 2955 qua
2341 2877 2444 2938 est
2475 2872 2677 2938 arbor
2710 2868 2816 2933 twl
2834 2893 2861 2950 ;
2893 2865 3049 2931 inde

795 2978 1126 3046 transiens
1162 2978 1375 3064 ipsum
1405 2998 1657 3065 nemus,
1689 2979 1872 3048 cadit
1904 2981 1973 3047 in
2004 2980 2179 3048 viam
2201 3031 2220 3067 ,
2272 2999 2392 3066 per
2425 3000 2620 3063 quam
2655 2979 2783 3045 itur
2826 2976 3047 3045 adhuc

798 3089 883 3155 ad
918 3090 1456 3174 septemtrionem
1477 3140 1497 3172 ,
1536 3092 1735 3176 Juxta
1769 3109 1967 3175 quam
2000 3092 2084 3160 ab
2135 3094 2380 3160 oriente
2413 3099 2518 3158 est
2568 3097 2747 3158 meta
2778 3096 2998 3152 terrea
3027 3106 3042 3168 ;

798 3196 970 3263 unde
997 3216 1113 3283 per
1147 3199 1420 3266 eandem
1453 3199 1542 3266 ad
1576 3199 1746 3267 duas
1769 3209 2000 3283 metas,
2035 3221 2305 3285 quarum
2333 3221 2466 3268 una
2507 3206 2609 3266 est
2641 3201 2706 3267 in
2742 3195 2874 3284 via,
2908 3193 3048 3259 alia

790 3305 983 3391 juxta
1015 3305 1192 3373 viam
1226 3308 1348 3375 sub
1378 3296 1575 3377 dumo
1609 3309 1780 3379 ilicis
1807 3309 1891 3377 ab
1914 3311 2164 3379 oriente
2187 3337 2203 3396 3
2239 3310 2394 3379 inde
2415 3330 2534 3396 per
2556 3309 2835 3378 eandem
2861 3306 3037 3373 viam

800 3415 867 3478 in
899 3414 1176 3500 vallem;
1229 3415 1382 3483 hinc
1416 3417 1713 3485 ascendit
1746 3417 1832 3487 ad
1883 3425 2171 3487 montem
2204 3419 2293 3488 ad
2326 3428 2462 3488 tres
2516 3425 2731 3485 metas
2764 3422 3045 3488 terreas,

803 3541 1074 3604 quarum
1106 3543 1237 3589 una
1269 3532 1370 3590 est
1402 3525 1844 3612 EpiscopaliS‚
1879 3529 2095 3596 altera
2135 3528 2464 3615 Capituli,
2517 3525 2714 3594 tertia
2747 3545 2902 3591 vero
2936 3521 3053 3587 ho·
3078 3596 3093 3609 ‚

805 3631 1051 3713 spitum
1081 3629 1164 3697 de
1197 3632 1493 3718 Korkou,
1527 3634 1642 3702 nbi
1673 3643 1851 3703 terra
1883 3635 2198 3705 Borband
2232 3658 2274 3705 a
2320 3635 2646 3719 meridie,
2682 3641 2863 3701 terra
2892 3652 3055 3700 vero

806 3738 977 3806 Sard
1008 3738 1097 3806 ab
1128 3740 1467 3810 occidente
1516 3741 1839 3828 existunt,
1893 3745 2004 3811 ubi
2035 3745 2105 3810 in
2155 3748 2366 3813 latere
2400 3746 2642 3814 montis
2695 3762 2737 3810 a
2769 3750 3049 3829 septem-

809 3846 1041 3929 trione,
1078 3850 1139 3914 in
1160 3850 1502 3920 vicinitate
1539 3854 1863 3921 dictorum
1884 3856 2212 3940 hospitum
2255 3856 2530 3925 Korkou
2552 3861 2881 3940 postremo
2912 3872 3057 3919 ver-

808 3957 960 4021 titur
995 3954 1563 4029 contra‘orientem
1588 3969 1655 4029 et
1688 3964 1993 4030 ascendit
2023 3983 2142 4051 per
2162 3966 2339 4033 viam
2372 3965 2459 4033 ad
2481 3965 2649 4033 duas
2686 3973 2893 4032 metas
2925 3972 3053 4030 ter-

808 4083 964 4129 reas
985 4066 1181 4151 juxta
1228 4068 1404 4135 viam
1438 4071 1522 4137 ab
1574 4079 1856 4154 utraque
1905 4079 2093 4158 parte
2129 4074 2422 4160 positas,
2475 4093 2751 4157 quarum
2786 4093 2921 4139 una
2956 4080 3061 4138 est

809 4173 997 4238 Pauli
1052 4174 1132 4240 de
1167 4175 1451 4248 Gorkow
1502 4185 1567 4245 et
1601 4166 1829 4248 altera
1867 4181 2190 4268 Capituli3
2236 4182 2389 4249 inde
2441 4183 2506 4249 in
2558 4180 2786 4250 eodem
2839 4181 3057 4247 latere

816 4282 1336 4364 septemtrionali
1390 4287 1809 4356 descenditur
1861 4289 1950 4355 ad
1981 4311 2179 4358 unam
2231 4299 2468 4359 metam
2515 4299 2836 4376 terream,
2876 4290 3058 4356 unde

811 4389 1069 4456 venitur
1090 4392 1178 4459 ad
1197 4396 1330 4461 tres
1354 4404 1564 4462 metas
1585 4405 1862 4485 terreas,
1887 4418 2158 4481 quarum
2180 4420 2313 4468 una
2335 4406 2437 4466 est
2458 4408 2677 4468 terrae
2688 4401 3057 4485 Barbanth,

809 4498 944 4566 alia
976 4498 1309 4584 hospitum
1343 4503 1427 4570 de
1461 4505 1682 4591 Igwen
1704 4560 1723 4590 ,
1778 4507 1972 4572 tertia
2006 4507 2164 4576 dicti
2195 4509 2408 4593 Pauli,
2443 4530 2562 4595 per
2595 4517 2901 4592 quartam
2929 4511 3056 4576 ad-

808 4603 933 4673 huc
965 4609 1337 4693 proceditur
1370 4620 1588 4681 autem
1625 4623 1851 4683 contra
1885 4615 2198 4684 orientem
2220 4619 2290 4684 in
2327 4620 2556 4686 eodem
2594 4620 2797 4686 latere
2833 4624 2898 4684 et
2931 4638 3051 4687 ve-

810 4718 983 4784 nitur
1012 4718 1103 4785 ad
1133 4727 1371 4788 metam
1407 4733 1689 4793 terream
1730 4722 2135 4792 dividentem
2182 4733 2427 4793 terram
2468 4728 2780 4795 Barband
2815 4737 2880 4796 et
2912 4738 3048 4797 ter-
