3416 5313
1412 403 1697 511 .55-

440 598 645 666 tercio
680 599 787 667 die
816 603 1195 666 octauarum
1231 598 1383 667 festi
1414 601 1942 670 Resurreccionis
1977 603 2261 686 Domini,
2300 624 2474 672 anno
2513 605 2678 672 eius·

441 709 589 776 dem
620 709 722 776 Μο
753 708 895 776 00⁰
923 709 1351 793 nonagesimo
1395 712 1622 795 primo.

441 922 708 994 (Hartya.
747 919 1033 995 Hatuljan
1062 942 1097 977 a
1140 922 1339 996 pecset
1363 941 1589 993 nyoma.
1615 923 2190 998 Pozsonykaptalani
2217 927 2681 1001 magdnlevdltdr

439 1012 631 1085 Capsa
658 1012 702 1067 C
747 1012 913 1070 Fasc.
940 1012 991 1069 4.
1037 1012 1173 1069 Nro,
1220 1014 1308 1069 33.
1333 1014 1382 1068 E
1426 1015 1643 1071 levelet
1673 1017 1981 1089 „magister
2024 1015 2314 1072 Emer-icus
2361 1019 2677 1076 canonicus

434 1104 693 1160 Ecclesie
717 1102 963 1159 Poson.“
1008 1101 1277 1159 keresere
1326 1101 1496 1174 atirja
1539 1102 1670 1175 tijra
1698 1122 1734 1159 a
1757 1105 1922 1177 3γότί
1967 1105 2252 1179 kdptalan
2298 1108 2453 1164 1326.
2501 1108 2680 1180 „feria

435 1195 688 1250 secunda
729 1196 984 1266 proxima
1021 1200 1156 1266 post
1190 1194 1403 1251 festum
1442 1194 1814 1251 Ascensionis
1852 1194 2132 1251 Domini.“
2178 1196 2251 1252 U.
2291 1216 2343 1254 ο.
2388 1198 2583 1268 Capsa
2628 1198 2673 1255 C

433 1285 601 1341 Fasc.
625 1284 679 1338 4.
721 1282 857 1340 Nro.
883 1283 970 1339 39.
996 1314 1067 1323 —-
1090 1285 1175 1339 Ez
1202 1283 1521 1356 okmanyra
1568 1287 1919 1343 vonatkozik
1964 1287 2124 1344 talen
2162 1305 2198 1342 a
2223 1287 2488 1358 Fejerndl
2532 1288 2673 1347 Cod.

743 1375 897 1446 Dipl.
922 1375 1019 1432 VI.
1044 1374 1114 1431 11.
1138 1376 1225 1432 58.
1251 1374 1289 1432 l.
1317 1376 1621 1433 olvashatc
1648 1377 1815 1433 rovid
1842 1378 2104 1436 kivonat.
2147 1378 2373 1452 Knauz.)

1308 1667 1805 1681 F—————-———-—-————--

1490 2210 1603 2279 34.

428 2405 614 2468 Pe'ter
657 2401 816 2488 qrdf
858 2402 1109 2493 Gyiiryy
1163 2410 1324 2472 nevil
1350 2408 1760 2494 szolqdjdnak
1783 2457 1800 2485 ,
1834 2406 1922 2469 hic
1954 2405 2444 2493 szolqdlataie'rt,
2492 2406 2665 2471 kuw-

427 2520 618 2575 nb‘sen
645 2522 817 2600 mart,
839 2513 996 2600 hoyy
1027 2517 1271 2580 Kozma
1300 2515 1515 2603 yro'fot
1532 2514 1922 2603 foysa'qdbdl
1952 2514 2400 2598 lciszabaditsa,
2433 2515 2668 2601 ketfidt

426 2620 669 2686 kezesz'll
703 2620 853 2702 add,
885 2623 997 2688 kik
1026 2622 1204 2690 kuzb'l
1234 2648 1311 2690 az
1344 2625 1647 2711 eyyiknek
1668 2626 1835 2711 ujja,
1867 2646 1907 2686 a
1937 2622 2275 2688 mdsiknak
2300 2623 2517 2709 pediq,
2555 2625 2666 2688 mi-

425 2734 577 2794 uta'n
610 2731 679 2795 ki
708 2753 846 2795 nem
876 2732 1191 2798 vciltattak
1207 2787 1229 2821 ‚
1265 2732 1409 2820 feje
1446 2737 1736 2816 ve'ttetett,
1770 2733 2053 2797 Kisvista
2083 2732 2337 2818 mdskep
2373 2730 2666 2817 Kisfalut

684 2838 1185 2934 Qadomdnyozza
1218 2863 1259 2904 a
1278 2842 1584 2928 pozsonyi
1612 2842 1926 2926 kdptalan
1959 2839 2121 2904 elb'tt.
2166 2839 2361 2904 1291.

1062 3038 1136 3101 A.
1358 3040 1428 3101 Β.
1649 3036 1719 3102 Ο.
1941 3035 2016 3099 D.

637 3215 970 3286 Vniuersis
1003 3214 1246 3284 Christi
1277 3215 1578 3284 fidelibus
1611 3225 1952 3302 presentes
1986 3217 2242 3284 litteras
2274 3218 2664 3306 inspecturis

425 3301 793 3411 Capitulum
826 3326 1121 3392 Ecclesie
1156 3308 1583 3394 Posoniensis
1617 3326 1895 3395 salutem
1946 3326 2013 3392 in
2046 3325 2345 3393 Domino.
2387 3325 2491 3392 Ad
2528 3326 2666 3392 uni·

425 3452 763 3501 uersorum
781 3433 1090 3500 noticiam
1111 3440 1335 3503 tenore
1355 3436 1769 3522 presencium
1789 3438 2088 3502 uolumus
2111 3433 2472 3518 peruenire,
2489 3433 2660 3515 quod

423 3542 661 3609 nobilis
695 3541 795 3608 uir
845 3541 1078 3609 Comes
1112 3543 1344 3612 Petrus
1381 3542 1551 3610 filius
1603 3543 1874 3613 Comitis
1906 3543 2243 3628 Tyburcij‚
2279 3561 2503 3610 coram
2530 3562 2659 3609 no-

422 3651 524 3720 bis
554 3651 989 3738 personaliter
1022 3651 1435 3736 constitutae,
1463 3653 1800 3720 confessus
1836 3660 1936 3720 est
1967 3654 2230 3719 oraculo
2265 3651 2414 3717 viue
2460 3650 2660 3736 uocis,

423 3761 599 3847 quod
630 3760 772 3848 ipse
803 3758 1151 3827 attendens
1201 3761 1656 3844 reducensque
1710 3761 1798 3828 ad
1846 3761 2223 3829 memoriam
2274 3760 2662 3827 fidelitatum

423 3880 489 3937 et
518 3871 977 3956 obsequiorum
1009 3889 1226 3955 opera,
1257 3891 1338 3936 ac
1368 3871 1786 3939 diuersarum
1820 3871 2288 3942 aduersitatum
2330 3870 2659 3946 articulos,

424 3998 549 4062 que
580 3981 687 4046 uel
717 3997 881 4064 quos
902 3978 1227 4064 Georgius
1246 3977 1419 4046 filius
1443 3979 1818 4063 Laurencij‚
1840 3978 2135 4046 seruiens
2162 3997 2338 4062 suus,
2369 3998 2490 4063 pro
2510 3979 2663 4064 ipsi-

420 4107 499 4154 us
532 4088 803 4155 comitis
821 4087 998 4156 Petri
1016 4106 1301 4171 persona
1321 4088 1637 4157 sustinuit·
1660 4095 1726 4155 et
1757 4085 2113 4175 impendit,
2148 4105 2328 4154 suam
2370 4105 2659 4155 suorum-

422 4217 551 4283 que
582 4196 851 4263 filiorum
887 4214 1213 4282 personas
1235 4216 1354 4285 pro
1393 4195 1537 4284 ipso
1571 4195 1827 4264 comite
1858 4199 2054 4264 Petro
2107 4194 2335 4263 mortis
2368 4194 2661 4264 articulis

423 4305 834 4392 exponendo,
862 4303 1143 4372 maxime
1165 4311 1231 4373 et
1261 4303 1613 4389 specialius
1637 4307 1702 4368 in
1726 4322 1821 4385 eo,
1849 4305 2021 4389 quod
2042 4324 2184 4371 cum
2216 4303 2393 4371 idem
2426 4305 2659 4372 Comes

421 4414 653 4481 Petrus
685 4414 755 4480 in
788 4412 1172 4498 captiuitate
1224 4412 1461 4482 Cosme
1514 4412 1632 4498 filij
1666 4412 1937 4480 Comitis
1972 4412 2206 4480 Gosme
2244 4411 2559 4479 existeret
2596 4418 2661 4478 et

420 4521 837 4591 liberacionis
860 4523 1187 4590 iuuamine
1206 4523 1552 4608 plurimum
1584 4521 1933 4607 indigeret,
1969 4520 2298 4607 predictus
2332 4520 2659 4605 Georgius

420 4631 786 4718 captiuitati
837 4632 1081 4699 domini
1132 4633 1237 4702 sui
1285 4631 1642 4700 condolens
1693 4629 2055 4699 uisceribus
2109 4629 2403 4697 caritatis
2423 4678 2440 4710 ,
2493 4628 2657 4694 duos

418 4741 584 4812 filios
619 4762 795 4829 suos,
829 4741 1201 4810 Johannem
1218 4738 1525 4810 videlicet
1558 4749 1624 4808 et
1654 4743 1921 4807 Petrum
1954 4758 2072 4822 pro
2105 4736 2438 4808 obsidibus
2468 4753 2655 4823 posu-
