3416 5313
1853 323 1983 391 248

797 523 1188 609 posteritate
1222 520 1601 606 eorundem,
1638 518 1855 587 adhuc
1893 520 2045 602 ipsa
2078 518 2341 585 uiuente
2378 517 2604 584 debita
2636 524 2873 583 nature
2909 517 3045 584 sol-

801 649 957 698 uere
990 629 1419 715 contingeret,
1453 633 1520 695 et
1549 625 1847 712 predicta
1881 622 2144 693 domina
2171 626 2536 713 Elysabeth
2568 625 3044 712 superuiueret,

801 759 885 806 cx
933 744 1087 807 tunc
1136 739 1431 821 prefatas
1482 735 1943 822 possessiones
1996 735 2217 803 Varda
2267 742 2334 803 et
2373 734 2851 801 Damasafeldu
2904 754 3048 800 cum

801 843 1100 915 omnibus
1132 843 1549 929 utilitatibus,
1601 842 2030 930 pertinenciis
2083 850 2148 910 ct
2187 841 2589 928 adiacencijs
2628 842 2949 927 pacifice,
2983 849 3050 909 et

801 953 1020 1039 quiete
1052 953 1307 1037 absque
1337 951 1623 1021 humano
1644 952 2097 1037 inpedimento
2118 950 2328 1017 libere
2359 949 2748 1035 possidebit,
2786 949 3049 1016 relictu-

798 1079 943 1127 ram
974 1079 1057 1127 ac
1088 1060 1517 1145 donaturam,
1569 1079 1790 1147 ymmo
1835 1057 2267 1125 donacionem
2300 1077 2383 1124 ex
2414 1074 2586 1123 nunc
2618 1055 2863 1124 factam
2900 1057 3051 1125 effe-

800 1167 933 1234 ctui
962 1167 1510 1253 mancipaturam.
1564 1168 1638 1234 Si
1670 1172 1895 1233 autem
1928 1166 2076 1249 ipsa
2110 1165 2378 1234 domina
2409 1165 2778 1253 Elysabeth
2816 1163 3044 1243 instin-

803 1280 913 1343 ctu
943 1274 1219 1361 speciali
1267 1275 1527 1344 scilicet
1557 1273 1771 1341 dictas
1823 1272 2282 1357 possessiones
2332 1271 2489 1339 uiua
2519 1291 2682 1340 voce
2720 1276 2786 1340 et
2817 1273 3047 1342 uolun-

803 1383 973 1452 tarie
1003 1383 1345 1470 resignare
1362 1382 1665 1467 uoluerit,
1688 1388 1754 1450 et
1773 1378 2078 1451 recedere
2110 1381 2194 1447 ab
2229 1378 2467 1447 iisdem
2496 1378 3045 1470 possessionibuS,

805 1510 888 1558 ex
919 1493 1070 1557 tunc
1103 1510 1224 1558 nos
1264 1474 1746 1575 quinquaginta
1778 1508 2040 1554 marcas
2075 1485 2189 1552 fini
2238 1488 2499 1570 argenti
2533 1487 2747 1555 cidem
2781 1489 3046 1556 domine

802 1599 1002 1684 plene
1035 1601 1103 1666 et
1138 1596 1392 1680 integre
1422 1595 1584 1666 dare
1605 1595 1920 1663 debemus
1963 1603 2022 1660 et
2052 1603 2364 1677 tenemur,
2400 1614 2522 1678 pro
2556 1597 2899 1665 uoluntate
2933 1619 3052 1666 sua

803 1704 1317 1776 distribuendas.
1350 1709 1433 1772 Et
1482 1726 1567 1774 ne
1598 1705 1667 1771 in
1707 1705 1832 1772 hoc
1864 1723 2025 1770 casu
2055 1710 2213 1771 uoto
2245 1723 2363 1772 suo
2404 1723 2486 1771 ex
2529 1725 2700 1772 nunc
2749 1706 3055 1774 ordinato

807 1819 873 1883 et
904 1814 1352 1898 solemnizato,
1387 1811 1654 1882 malicia
1686 1811 2019 1878 hominum
2068 1811 2280 1897 possit
2310 1813 2730 1894 aliquatenus
2764 1816 3058 1902 obuiare,

808 1944 954 1990 cum
987 1944 1183 1992 casus
1215 1923 1507 2007 fortuiti,
1560 1928 1626 1988 et
1658 1919 2103 2007 inopinabiles
2142 1922 2517 1988 nullatenus
2547 1923 2878 2010 previderi
2910 1945 3059 2010 pos·

807 2034 960 2119 sint,
995 2034 1054 2101 si
1084 2033 1301 2119 ipsam
1335 2038 1547 2099 morte
1581 2031 1940 2116 improvisa
1970 2032 2252 2098 transire
2285 2052 2368 2098 ex
2398 2033 2523 2098 hoc
2555 2032 2777 2101 seculo
2807 2036 3059 2101 contin·

804 2148 941 2228 gat,
974 2142 1188 2210 dictas
1212 2139 1676 2225 possessiones
1695 2140 1765 2207 in
1799 2139 1900 2205 ius
1923 2146 1987 2204 et
2018 2139 2485 2224 proprietatem
2519 2141 2661 2205 siue
2694 2139 3060 2209 dominium

801 2257 1097 2317 nostrum
1148 2269 1232 2316 ex
1281 2267 1452 2314 nunc
1504 2250 1645 2315 vult
1693 2246 2076 2329 transferri,
2119 2245 2652 2315 contradiccione
2705 2249 3059 2319 cuiuslibet

803 2377 933 2425 non
964 2359 1290 2425 obstante.
1342 2355 1487 2423 Hoc
1520 2355 1828 2440 adjecto,
1882 2354 2056 2438 quod
2104 2372 2224 2423 nos
2276 2352 2698 2442 supradictas
2737 2358 3057 2442 quinqua-

804 2464 992 2551 ginta
1009 2481 1268 2530 marcas
1290 2463 1406 2531 fini
1432 2463 1696 2546 argenti
1716 2483 1836 2548 pro
1869 2461 2160 2531 remedio
2182 2463 2398 2529 anime
2432 2462 2702 2530 Comitis
2729 2464 3061 2535 Herbordi

804 2573 977 2639 bone
1008 2573 1315 2638 memorie
1355 2571 1573 2637 mariti
1609 2571 1732 2656 sui,
1767 2578 1831 2637 et
1865 2590 2000 2658 sue,
2035 2589 2156 2639 nec
2188 2592 2319 2639 non
2354 2578 2422 2637 et
2453 2571 2751 2656 filiorum,
2785 2593 2867 2642 ac
2899 2573 3057 2661 filie,

804 2699 922 2748 scu
952 2681 1163 2749 tocius
1198 2680 1613 2767 posteritatis
1644 2682 2041 2749 distribuere
2074 2682 2455 2766 tenebimur,
2490 2682 2688 2750 modo
2724 2682 3058 2751 infrascri-

805 2795 959 2876 pto;
1006 2789 1235 2858 decem
1264 2789 1579 2858 videlicet
1609 2810 1868 2859 marcas
1920 2790 2223 2859 dabimus
2275 2790 2590 2857 fratribus
2625 2790 3061 2882 Predicatori-

806 2898 930 2965 bus
981 2896 1063 2963 de
1115 2898 1308 2965 domo
1341 2898 1658 2984 Albensi,
1693 2899 1783 2964 ad
1816 2917 1982 2981 opus
2018 2898 2316 2964 Ecclesie
2349 2899 2556 2966 Beate
2589 2896 2917 2985 Virginis3
2955 2900 3064 2965 de-

810 3025 952 3072 cem
989 3006 1300 3075 fratribus
1337 3007 1777 3075 Heremitanis
1813 3008 2044 3074 Sancti
2078 3006 2434 3091 Augustini
2466 3008 2548 3073 de
2581 3005 2924 3074 Conventa
2957 3008 3064 3074 Al-

806 3112 1001 3179 bensi
1022 3113 1113 3180 ad
1145 3132 1310 3200 opus
1343 3115 1644 3182 Ecclesie
1664 3114 1891 3181 Sancti
1925 3114 2246 3199 Stephani
2268 3114 2838 3201 Prothomartiris5
2877 3117 3062 3199 quin-

808 3240 933 3304 que
964 3241 1226 3291 marcas
1258 3222 1574 3289 fratribus
1607 3222 2144 3289 Predicatoribus
2177 3219 2258 3288 de
2299 3222 2578 3307 Cybinio
2611 3222 2697 3291 ad
2730 3240 2898 3309 opus
2935 3230 3059 3294 Ec·

809 3330 1010 3397 clesie
1045 3332 1289 3399 Sancte
1341 3331 1608 3418 crucis3
1643 3331 1927 3413 quinque
1961 3349 2211 3398 marcas
2242 3328 2551 3399 tratribus
2582 3332 2944 3403 minoribus
2979 3335 3064 3403 de

808 3436 1039 3506 eodem
1069 3437 1159 3506 ad
1192 3458 1353 3526 opus
1403 3437 1702 3506 Ecclesie
1745 3440 1986 3506 Sancte
2020 3438 2430 3525 Elysabeth;
2466 3440 2693 3509 decem
2743 3442 3058 3512 fratribus

805 3542 1340 3614 Predicatoribus
1371 3545 1444 3613 in
1465 3542 1679 3613 Vinch
1701 3546 2152 3629 existentibus,
2187 3547 2244 3611 si
2278 3547 2345 3612 in
2381 3546 2810 3633 conventum,
2851 3570 3060 3636 usque

807 3650 895 3719 ad
928 3654 1442 3739 complecionem
1493 3654 1956 3722 condicionum
2007 3654 2535 3739 supradictarum
2567 3655 2766 3724 fuerit
2799 3664 3059 3726 erectus

806 3761 981 3830 idem
1011 3762 1219 3850 locus,
1254 3762 1359 3829 sin
1390 3769 1630 3845 autem,
1656 3763 1939 3845 quinque
1970 3782 2236 3832 marcas
2268 3764 2580 3832 fratribus
2610 3763 2741 3831 illic
2767 3766 3062 3834 residen-

806 3868 1004 3955 tibus,
1040 3878 1107 3938 ct
1136 3869 1425 3953 quinque
1457 3868 1771 3938 fratribus
1823 3868 1907 3937 de
1960 3870 2255 3939 Candela
2275 3920 2293 3955 ,
2327 3892 2409 3939 ac
2462 3871 2690 3939 decem
2743 3872 3062 3945 fratribus

808 3974 1341 4047 Predicatoribus
1392 3978 1475 4045 de
1527 3979 1922 4064 Seguswar3
1976 3985 2042 4046 et
2075 3979 2174 4047 sic
2214 3980 2714 4066 complebuntur
2743 3981 3064 4066 quinqua·

807 4080 997 4173 ginta
1028 4104 1251 4153 marce
1271 4087 1569 4171 superius
1602 4087 1955 4171 nominate,
1990 4106 2112 4154 nec
2133 4089 2316 4175 prius
2349 4089 2536 4157 adire
2559 4089 2876 4157 debemus
2909 4108 3061 4173 pos·

807 4192 1176 4264 sesssiones
1206 4202 1629 4282 memoratas,
1657 4196 1792 4263 nisi
1823 4196 2006 4281 prius
2040 4197 2522 4285 quinquaginta
2543 4216 2764 4267 marce
2798 4200 3061 4285 sepedi-

807 4312 911 4371 cte
929 4351 948 4387 ,
1002 4301 1361 4370 secundum
1393 4305 1650 4371 modum
1696 4310 2112 4389 prenotatum
2143 4356 2160 4391 ‚
2216 4310 2410 4393 plene
2444 4313 2511 4375 et
2540 4308 2793 4393 integre
2818 4307 3063 4376 fuerint
3106 4319 3113 4327 '

807 4412 1161 4498 persolute.
1198 4412 1506 4481 Ceterum
1556 4418 1767 4483 totam
1799 4414 2294 4483 ordinacionem
2341 4418 2588 4487 factam
2619 4417 2703 4486 de
2732 4397 2935 4486 uerbo
2971 4418 3062 4485 ad

809 4522 1083 4590 uerbum
1114 4540 1257 4607 nos,
1290 4522 1471 4590 nullo
1506 4522 1589 4588 de
1621 4524 1810 4589 nobis
1837 4521 2348 4608 contradicente,
2380 4527 2701 4593 benevole
2734 4545 2873 4592 cum
2908 4547 3059 4611 gra·

803 4627 1057 4698 ciarum
1087 4629 1363 4700 accione
1393 4633 1733 4714 gratanter
1764 4627 2065 4700 duximus
2098 4632 2595 4716 acceptandam.
2630 4636 2706 4701 In
2742 4633 2929 4702 cuius
2963 4633 3059 4701 rei
