3416 5313
1430 418 1515 484 97

345 619 525 681 ctam
557 621 790 681 terram
808 616 1066 702 Mysscr
1100 621 1401 684 uocatam
1423 638 1569 686 cum
1602 616 1903 685 omnibus
1937 616 2324 685 utilitatibus
2356 618 2492 685 suis
2526 622 2593 682 et

341 722 775 810 pertinenciis
826 724 965 791 suis
999 723 1323 791 vniuersis
1377 726 1498 792 sub
1533 725 1784 793 eisdem
1817 728 2008 795 metis
2044 734 2108 793 et
2158 727 2491 809 terminis,
2524 725 2590 790 in

343 833 576 917 quibus
625 852 743 917 per
794 831 1045 916 priores
1077 852 1499 917 possessores
1552 833 1855 904 habitata
1908 833 2122 903 extitit
2152 841 2219 900 et
2256 852 2590 920 possessa,

342 940 428 1005 de
461 942 691 1024 gracia
723 941 1000 1026 speciali
1034 943 1374 1027 sepedicto
1408 943 1624 1012 villico
1675 950 1897 1011 nostro
1949 944 2335 1012 Posoniensi
2389 951 2454 1010 et
2486 963 2590 1010 eo-

343 1069 485 1116 rum
523 1047 694 1135 (igy)
728 1049 1098 1139 heredibus,
1134 1053 1575 1136 heredumque
1609 1073 1869 1120 suorum
1922 1053 2403 1121 successoribus
2454 1053 2588 1119 vni-

353 1157 598 1243 uersis‚
652 1158 986 1244 dedimus,
1042 1159 1429 1229 donauimus
1465 1169 1527 1229 et
1562 1162 1952 1230 contulimus
1991 1163 2141 1247 jure
2181 1168 2493 1249 perpetuo
2528 1167 2594 1227 et

349 1266 873 1338 irreuocabiliter
905 1269 1374 1354 possidendam
1395 1277 1460 1336 et
1493 1269 1867 1337 tenendam.
1902 1272 1975 1336 In
2011 1271 2194 1339 cuius
2228 1273 2321 1339 rei
2354 1291 2582 1338 memo·

347 1379 510 1445 riam
542 1385 1056 1464 perpetuamque
1080 1379 1448 1446 firmitatem
1483 1387 1824 1466 presentes
1859 1381 2302 1448 concessimus
2335 1382 2593 1447 litteras

348 1484 628 1571 duplicis
663 1486 872 1570 sigilli
904 1486 1110 1553 nostri
1144 1486 1496 1553 munimine
1536 1488 1905 1553 roboratas.
1938 1485 2180 1553 Datum
2214 1505 2329 1573 per
2361 1508 2594 1555 manus

348 1592 613 1662 discreti
667 1586 791 1660 viri
837 1596 1136 1679 magistri
1189 1593 1520 1663 Theodori
1551 1595 1859 1662 Albensis
1912 1596 2210 1662 Ecclesie
2263 1596 2594 1680 Prepositi

347 1705 498 1770 aule
530 1708 749 1769 nostre
771 1702 1323 1772 Vice—Cancessari
1358 1701 1531 1792 (igy)
1556 1704 1778 1771 dilecti
1812 1709 1879 1768 et
1910 1704 2122 1770 fidelis
2144 1706 2367 1771 nostri.
2402 1708 2592 1774 Anno

347 1811 614 1878 Domini
650 1811 743 1876 M⁰
776 1809 914 1879 00⁰
945 1811 1374 1896 nonagesimo
1407 1822 1660 1895 quarto,
1690 1812 1901 1898 Regni
1934 1817 2148 1878 autem
2182 1814 2387 1880 nostri
2421 1834 2593 1879 anno

351 1930 605 2005 quarto,

348 2115 579 2188 (Kiirva
606 2134 642 2173 a
678 2117 1242 2189 pozsonykaptalani
1288 2115 1558 2187 orszagos
1604 2113 1973 2173 leveltdrnak
2017 2117 2210 2189 Capsa
2247 2116 2400 2173 XIV.
2428 2118 2594 2174 Fasc.

353 2209 436 2265 12.
466 2208 582 2262 6·ik
610 2205 921 2275 szamabol,
948 2208 1218 2278 melyben
1245 2204 1419 2278 ath-jar
1446 2224 1512 2262 ez
1540 2208 1795 2264 okiratot
1822 2224 2051 2278 ugyane
2077 2207 2354 2263 Herculin
2383 2208 2592 2280 „Iudex

350 2298 616 2359 Ciuitatis
656 2297 899 2356 Poson.“
937 2296 1208 2355 keresdre
1236 2315 1272 2353 a
1310 2299 1589 2369 pozsonyi
1628 2296 1944 2370 kaptalan3
1974 2300 2329 2372 „predictum
2366 2299 2594 2372 priuile-

346 2392 502 2463 gium
528 2407 643 2445 non
671 2389 952 2459 abrasum,
991 2406 1108 2445 non
1136 2388 1536 2458 cancellatum,
1562 2406 1668 2443 nec
1689 2387 1750 2441 in
1777 2388 1972 2460 aliqua
1994 2391 2082 2444 sui
2108 2398 2272 2460 parte
2300 2389 2595 2458 uiciatum,

350 2481 420 2535 de
448 2479 625 2535 uerbo
654 2479 725 2535 ad
771 2479 1008 2534 uerbum
1034 2480 1247 2535 nostris
1273 2480 1480 2535 litteris
1527 2477 1986 2550 priuilegialibus
2024 2480 2197 2533 inseri
2224 2478 2480 2548 fecimus,
2501 2497 2598 2533 no-

349 2577 470 2627 stro
497 2569 688 2644 sigillo
713 2569 1053 2642 sigillantes.
1074 2571 1292 2627 Datum
1313 2571 1373 2624 in
1401 2571 1621 2625 octauis
1642 2567 1978 2627 Natiuitatis
2000 2570 2070 2625 B.
2093 2570 2129 2623 J
2134 2570 2379 2625 ohannis
2401 2569 2597 2639 Bapti-

349 2670 457 2718 ste.
482 2660 622 2733 (Jul.
645 2658 718 2732 1.)
747 2680 897 2718 anno
924 2662 1092 2717 Dom.
1122 2663 1205 2717 M⁰
1232 2660 1393 2718 000⁰
1415 2664 1608 2717 tercio.
1635 2660 1901 2733 Hartyan
1927 2659 2070 2731 irva,
2099 2661 2259 2733 aljan
2284 2660 2355 2715 A.
2380 2660 2446 2714 B.
2473 2661 2535 2716 C.
2564 2679 2598 2716 a

349 2753 479 2827 meg
503 2751 575 2825 ep
602 2752 800 2823 pecsct
822 2758 991 2809 vorce
1014 2752 1173 2809 feher
1198 2753 1455 2824 selymen
1475 2750 1632 2827 fflgg.
1662 2752 1716 2806 A
1740 2752 1921 2823 zarjel
1946 2754 2106 2809 kozti
2133 2752 2352 2810 szavak
2380 2768 2448 2807 az
2478 2767 2596 2806 ere-

1048 2845 1266 2902 detibffl
1289 2843 1649 2915 kitepetvek.
1681 2846 1919 2911 Knauz.)

474 4881 679 4924 nomm.
697 4880 855 4923 nure.
874 4879 1009 4921 msr.
1031 4880 1165 4921 men.
1188 4898 1242 4907 —
1259 4875 1327 4919 ιο,
2353 4855 2386 4922 7
