3416 5313
802 1166 865 1233 A
888 1169 1194 1256 pozsonyi
1222 1165 1540 1255 kdptalan
1559 1164 2107 1253 bizonysdqlevele‚
2140 1167 2296 1253 hoyy
2318 1164 2559 1230 Miklds
2582 1165 2914 1231 Bulclmak
2926 1164 3055 1248 fia,

805 1279 871 1341 6⁸
894 1277 1138 1341 Baldzs
1171 1274 1643 1340 Karachinnak,
1670 1274 1770 1358 fia
1812 1275 2013 1339 Torch
2043 1279 2206 1338 nevil
2236 1275 2658 1339 birtokukban
2704 1279 2849 1338 czdz
2878 1274 3056 1337 hird-

1240 1382 1332 1467 zyi
1362 1381 1624 1467 holdnyi
1655 1380 2084 1466 szdntdfb'ldct
2117 1382 2393 1449 eladtak.
2428 1383 2625 1446 1294.

1022 1582 1165 1647 Nos
1198 1578 1570 1669 Capitulum
1626 1578 1924 1647 Ecclesie
1958 1580 2386 1649 Posoniensis
2437 1580 2881 1667 significamus
2913 1580 3055 1645 vni-

808 1689 1016 1757 uersis
1050 1689 1288 1772 quibus
1325 1688 1594 1773 expedit
1626 1707 1743 1773 per
1775 1694 2123 1773 presentes
2146 1739 2161 1769 ,
2214 1689 2389 1770 quod
2425 1689 2800 1757 constitutis
2833 1708 3063 1774 perso-

807 1798 1046 1865 naliter
1082 1816 1303 1865 coram
1339 1796 1529 1863 nobis
1562 1795 1838 1862 Nicolao
1871 1796 2010 1865 filio
2044 1796 2293 1863 Bulchu
2312 1844 2330 1879 ,
2388 1797 2619 1867 Blasio
2651 1796 2783 1865 filio
2835 1795 3055 1864 Kara-

811 1905 994 1972 chini
1027 1925 1110 1972 ex
1142 1924 1274 1969 una
1301 1910 1492 1989 parte
1516 1951 1534 1986 ,
1568 1904 1931 1972 Benedicto
1962 1902 2097 1970 filio
2130 1905 2416 1971 Mancha
2450 1924 2533 1971 ex
2564 1905 2814 1988 altera,
2851 1902 3055 1990 ijdem

807 2014 1122 2083 Nicolaus
1155 2019 1221 2079 et
1271 2012 1543 2080 Blasius
1576 2018 1727 2078 sunt
1761 2011 2082 2095 confessi,
2137 2014 2313 2096 quod
2352 2014 2481 2102 ipsi
2517 2035 2601 2081 ex
2651 2032 2896 2097 magna
2937 2032 3053 2080 ne-

809 2123 1118 2191 cessitate
1151 2121 1367 2188 coacti
1417 2123 1502 2188 de
1556 2126 1733 2186 terra
1785 2121 2074 2204 ipsorum
2131 2120 2344 2187 Torch
2392 2127 2631 2189 uocata
2652 2171 2667 2202 ,
2723 2139 2847 2203 que
2900 2119 3062 2187 olim

808 2250 892 2297 ex
921 2234 1150 2318 gracia
1182 2228 1429 2298 domin-i
1460 2230 1621 2297 Bele
1653 2229 2215 2297 Excellentissimi
2266 2230 2469 2314 Regis
2505 2228 2846 2314 Hungarie
2883 2228 3054 2311 auis,

811 2344 878 2406 et
906 2346 1061 2424 post
1088 2338 1215 2403 hec
1246 2337 1546 2423 patribus
1597 2337 1893 2421 ipsorum
1925 2335 2143 2403 fuerat
2186 2338 2475 2419 collata,
2529 2342 2787 2402 centum
2829 2335 3065 2417 iugera

810 2458 984 2517 terre
1017 2446 1290 2514 arabilis
1323 2447 1454 2513 sita
1478 2447 1544 2512 in
1565 2446 1716 2530 ipsa
1750 2451 1927 2514 terra
1958 2466 1999 2511 a
2029 2452 2222 2531 parte
2243 2447 2573 2533 superiori
2604 2464 2838 2512 uersus
2872 2443 3058 2524 aqui-

810 2558 1030 2626 lonem
1061 2556 1416 2624 secundm
1467 2575 1840 2623 mensuram
1872 2555 2149 2640 Regiam
2171 2605 2189 2638 ‚
2239 2561 2311 2621 ut
2343 2554 2690 2635 dixerunt,
2743 2550 3064 2618 uidelicet

814 2664 1154 2748 quodlibet
1182 2666 1369 2749 iuger
1401 2664 1660 2732 habens
1678 2665 1749 2731 in
1786 2664 2201 2751 longitudine
2223 2663 2647 2752 septuaginta
2681 2662 2847 2728 duas
2879 2681 3067 2729 men-

815 2792 1003 2842 suras
1034 2772 1302 2858 Regias‚
1341 2780 1408 2839 et
1440 2774 1507 2838 in
1539 2772 1895 2840 latitudine
1930 2772 2303 2859 duodecim,
2343 2771 2804 2842 uendidissent
2836 2769 3057 2837 eidem

816 2880 1175 2951 Benedicto
1209 2882 1295 2951 de
1326 2883 1767 2966 generacione
1824 2901 1947 2948 sua
2000 2903 2118 2967 pro
2171 2901 2286 2949 sex
2336 2880 2580 2948 marcis
2620 2881 2907 2946 latorum
2949 2873 3062 2941 de-

812 2990 1141 3059 nariorum
1171 2989 1691 3077 Wyennensium
1743 2991 1811 3056 in
1843 2989 2011 3058 filios
2053 2991 2333 3058 filiorum
2387 2997 2700 3076 perpetuo
2736 2990 2876 3055 iure
2910 3004 3064 3073 pos-

816 3098 1197 3181 sidendam3
1255 3117 1446 3181 quam
1485 3117 1802 3165 summam
1854 3097 2132 3182 pecunie
2186 3096 2387 3181 ijdem
2422 3097 2742 3162 Nicolaus
2795 3105 2859 3162 et
2899 3098 3061 3163 Bla-

816 3210 952 3275 sius
1002 3206 1301 3293 plenarie
1350 3208 1693 3294 recepisse
1725 3208 1811 3274 ab
1866 3206 2090 3273 eodem
2142 3205 2502 3272 Benedicto
2549 3211 2698 3271 sunt
2753 3205 3065 3273 confessi.

821 3316 1213 3401 Obligantes
1262 3311 1606 3394 *eciamse
1640 3315 1844 3401 ijdem
1893 3316 2210 3383 Nicolaus
2245 3320 2312 3379 et
2358 3313 2664 3394 Blasius,
2718 3312 3065 3397 quodqui-

821 3444 1076 3508 cunque
1107 3445 1429 3511 processu
1462 3430 1824 3511 temporum
1855 3426 2124 3493 racione
2159 3433 2333 3491 terre
2366 3422 2746 3512 supradicte
2782 3423 3064 3491 eundem

818 3534 1245 3602 Benedictum
1277 3534 1591 3620 impetere
1624 3533 1904 3601 forsitan
1937 3539 2367 3618 attemptaret
2388 3583 2406 3612 ,
2438 3534 2754 3599 Nicolaus
2805 3538 2873 3598 et
2911 3535 3064 3599 Bla-

821 3645 953 3710 sius
988 3643 1354 3727 supradicti
1404 3643 1801 3710 tenebuntur
1832 3645 2046 3729 ipsum
2076 3644 2508 3711 Benedictum
2556 3642 2872 3727 expedire
2918 3663 3064 3728 pro-

824 3749 988 3836 prijs
1018 3750 1353 3816 laboribus
1404 3758 1469 3817 et
1520 3752 1872 3839 expensis3
1922 3754 2158 3820 dantes
2212 3752 2417 3819 eidem
2472 3751 2932 3820 auctoritatem
2983 3771 3067 3818 ex

821 3877 990 3925 nunc
1022 3857 1375 3947 uendendi,
1409 3859 1728 3942 donandi,
1765 3882 1885 3929 seu
1916 3861 2326 3946 relinquendi
2379 3862 2483 3928 cui
2515 3860 2698 3929 uelit.
2749 3863 2824 3928 In
2878 3860 3066 3945 cujus

821 3967 916 4035 rei
949 3967 1332 4036 memoriam
1364 3975 1712 4057 presentes
1745 3971 2044 4038 dedimus
2088 3969 2345 4038 litteras
2380 3972 2587 4054 sigilli
2621 3970 2833 4038 nostri
2865 3969 3067 4035 muni-

828 4076 1001 4142 mine
1060 4078 1426 4145 roboratas.
1483 4080 1729 4146 Datum
1779 4099 1953 4147 anno
2004 4079 2271 4146 Domini
2321 4080 2403 4145 M.
2454 4077 2585 4148 CO.
2621 4078 3063 4165 ¹nonagesimo

824 4191 1074 4269 quarto.

1636 4277 1692 4341 A
1910 4277 1961 4343 C
2175 4275 2258 4344 D.
2317 4368 2322 4371 .

825 4468 1091 4544 (Hartya.
1130 4470 1449 4527 Voriiszold
1475 4470 1737 4542 selymen
1763 4470 1909 4547 fiigg
1935 4490 2005 4527 az
2033 4471 2103 4544 ep
2131 4471 2351 4545 pecset.
2379 4427 2954 4543 Poisonykaptalani
2981 4486 3064 4527 or-

1127 4559 1332 4635 szagos
1352 4560 1617 4620 leveltAr.
1646 4562 1842 4635 Capsa
1869 4562 1955 4618 14.
1983 4564 2147 4620 Fasc.
2175 4563 2262 4619 18.
2289 4564 2426 4622 Nm.
2453 4563 2504 4624 3.
2546 4560 2780 4633 Knauz.)
