3416 5313
1751 576 1820 580 h
1871 480 1910 544 2

773 695 1014 762 Datum
1069 684 1382 776 Strigonij
1440 687 1502 749 in
1570 685 1853 749 crastino
1908 677 2291 747 Natiuitatis
2343 672 2633 758 Virginis
2688 671 3011 751 Gloriose‚

768 822 940 869 anno
972 797 1242 867 Domini
1274 796 1363 861 M.
1398 793 1539 861 00⁰
1572 789 2019 875 nonagesimo.

1361 1007 1569 1077 (XVII.
1597 1004 1831 1064 szdzadi
1858 1004 2073 1058 hitales
2102 997 2419 1066 atiratbol).

1864 1875 1931 1938 2.

770 2109 848 2172 ΙΙ
847 2109 900 2172 Ι.
935 2103 1146 2169 Endre
1176 2095 1390 2179 kircily
1425 2093 1651 2158 Omodc
1681 2089 2020 2153 ‘na'doruak
2054 2088 2411 2173 oizcyerb'sz'ti
2461 2086 2790 2149 mindam-n
2817 2085 3008 2147 hirto-

855 2294 858 2296 *
948 2214 1076 2296 kot,
1108 2208 1324 2293 melyct
1345 2204 1462 2268 IV.
1500 2201 1731 2265 Ldszld
1761 2197 1975 2282 leia-cily
2009 2197 2299 2263 lem-dhan
2330 2205 2599 2259 szcrzett.
2636 2196 2829 2257 1290.

964 2426 1272 2495 ‘Andreas
1296 2421 1421 2486 Dei
1443 2419 1668 2504 gracia
1690 2415 2046 2498 Hungarie,
2072 2411 2441 2495 Dalmacie,
2465 2410 2634 2476 Croa
2647 2409 2764 2491 cie,
2792 2411 3016 2492 Rame,

769 2539 1012 2616 Serme,
1048 2531 1345 2612 Galliam,
1385 2525 1790 2603 Lodomerie‚
1830 2521 2145 2589 Cumanie
2168 2574 2185 2605 ‚
2232 2519 2676 2603 Bulgarieque
2709 2517 2852 2582 Rex
2886 2538 3018 2584 om-

770 2650 959 2717 nibus
981 2642 1222 2713 Christi
1240 2638 1542 2705 fidelibus
1566 2641 1711 2715 etc„
1742 2630 1914 2716 quod
1936 2627 2263 2695 Omodeus
2288 2628 2632 2696 Palatinus
2656 2627 2739 2691 de
2774 2644 3012 2713 genere

772 2759 921 2836 Aba
963 2768 1057 2801 *-
1106 2791 1192 2801 --
1226 2783 1314 2794 —
1365 2742 1659 2812 exhibuit
1710 2747 1931 2808 nostre
1989 2741 2192 2821 Regie
2226 2736 2558 2804 Maiestati
2605 2736 3018 2821 privilegium

773 2864 1016 2934 domini
1029 2860 1265 2943 Inclyti
1288 2856 1486 2943 Regis
1509 2851 1824 2933 Ladizlai,
1850 2847 2177 2914 carissimi
2199 2848 2519 2931 patruelis
2540 2846 2773 2927 fratris
2789 2847 3014 2928 nostri,

771 2977 838 3040 in
874 2973 1111 3055 quibus
1141 2967 1422 3035 vidimus
1474 2961 1834 3037 contineri3
1886 2958 2055 3042 quod
2094 2956 2269 3022 idem
2320 2953 2651 3020 Omodeus
2682 2960 2835 3038 post
2886 2955 3016 3022 obi-

772 3094 905 3149 tum
940 3075 1434 3158 dominiIncliti
1467 3071 1666 3154 Regis
1702 3066 2059 3151 Stephani,
2113 3084 2255 3129 cum
2289 3064 2505 3132 adhuc
2542 3063 2844 3130 dominus
2877 3064 3017 3128 Rex

775 3191 1126 3258 Ladislaus
1179 3191 1446 3272 propter
1496 3180 1815 3267 puerilem
1850 3183 2095 3244 etatem
2148 3194 2276 3237 non
2331 3180 2558 3257 posset
2616 3171 2703 3238 ad
2757 3174 3018 3256 plenum

775 3308 910 3366 tam
941 3302 1075 3378 late
1107 3295 1394 3381 patentis
1431 3289 1637 3376 Regni
1695 3288 1959 3351 climata
2007 3281 2407 3366 gubernare,
2462 3279 2810 3362 multisque
2848 3283 3023 3347 cala-

774 3410 1112 3477 mitatibus
1147 3411 1212 3471 et
1257 3400 1604 3488 pressuris,
1639 3396 1981 3479 presertim
2016 3392 2245 3478 prelijs
2278 3392 2609 3458 intestinis
2652 3391 2868 3475 ipsum
2902 3393 3023 3456 Re-

776 3540 972 3607 gnum
1004 3513 1338 3599 Hungarie
1360 3508 1609 3596 passim
1633 3506 1778 3570 sine
1812 3504 2067 3571 delectu
2092 3500 2386 3582 quolibet
2418 3506 2812 3580 vastaretur,
2847 3498 3018 3565 idem

778 3624 1106 3696 Omodeus
1140 3621 1481 3688 Palatinus
1517 3636 1633 3700 pro
1686 3613 2085 3681 sublimitate
2137 3608 2410 3693 Regalis
2465 3609 2761 3674 culminis
2814 3615 2880 3674 et
2911 3608 3023 3673 ho-

777 3759 933 3805 nore
968 3736 1219 3801 Corone
1254 3726 1532 3796 diuersis
1574 3721 2057 3791 discriminibus
2092 3724 2158 3783 et
2191 3717 2416 3801 preliis
2451 3738 2523 3785 se
2544 3716 2859 3782 obiecerit
2879 3716 3019 3801 plu-

777 3849 909 3914 ries
942 3861 1085 3907 cum
1117 3860 1377 3911 suorum
1413 3832 1837 3901 multitudine
1869 3829 2281 3911 bellatorum,
2315 3826 2483 3896 inter
2507 3844 2632 3909 que
2650 3826 3025 3911 promiscua

778 3956 900 4024 fati
931 3950 1309 4018 discrimina
1357 3933 1529 4011 idem
1580 3941 1910 4007 Omodeus
1963 3933 2308 4004 Palatinus
2342 3970 2431 3982 —-
2462 3969 2551 3981 —-
2584 3934 3022 4016 percisionem

780 4066 881 4134 sui
934 4061 1121 4145 digiti
1173 4056 1556 4124 auricularis
1614 4070 1843 4117 manus
1888 4048 2154 4114 dextere
2208 4045 2472 4129 excepit
2522 4044 2780 4111 sortirer
2834 4042 3024 4108 dimi-

781 4172 992 4242 cando
1026 4174 1253 4237 contra
1287 4164 1682 4234 Othocarum
1737 4161 1982 4241 Regem
2014 4157 2282 4221 B'oemie
2320 4156 2386 4219 in
2421 4151 2854 4238 expedicione
2909 4170 3027 4232 ge-

780 4282 985 4352 nerali
1034 4276 1309 4366 gloriosi
1363 4270 1738 4342 certaminis
1790 4263 2058 4335 victorie
2110 4262 2394 4330 fideliter
2450 4259 2866 4344 assistendO,
2916 4259 3029 4326 vbi

783 4393 993 4460 dictus
1025 4390 1167 4454 Rex
1195 4386 1462 4454 Boemie
1495 4383 1708 4450 extitit
1757 4380 2209 4462 interemptus.
2239 4373 2344 4439 Ad
2384 4374 2505 4437 hec
2526 4423 2541 4452 ,
2595 4392 2740 4437 cum
2770 4369 3029 4437 vniver-

782 4504 948 4571 sitas
999 4498 1426 4565 Cumanorum
1467 4488 1872 4555 infidelitatis
1911 4483 2279 4552 versuciam
2332 4480 2745 4565 obrepsisset
2802 4482 3029 4543 contra

783 4616 992 4700 ipsum
1026 4611 1295 4690 Regem,
1326 4603 1674 4667 tociussue
1707 4593 2014 4681 potencie
2046 4590 2362 4657 seniciam
2380 4589 2749 4656 hostilitate
2790 4589 3050 4655 barba-¹

782 4724 921 4790 rica
951 4714 1335 4792 excitando,
1370 4711 1514 4796 ipso
1550 4705 1841 4773 Omodeo
1880 4702 2175 4768 Palatino
2208 4699 2546 4767 Maiestati
2581 4697 2792 4782 Regie
2823 4694 3028 4762 adhe·

785 4832 1000 4912 rcndO,
1038 4842 1321 4910 superna
1352 4816 1479 4886 Dei
1512 4812 1965 4881 misericordia
1996 4812 2171 4877 felici
2209 4810 2489 4877 victoria
2519 4803 2883 4874 dissecavit
2918 4824 3030 4890 pa-
