3416 5313
1401 306 1518 390 ’τι

1411 1005 1523 1073 45.

337 1243 455 1328 Ny
467 1243 581 1329 &ky
618 1239 855 1306 Miklds
875 1292 893 1325 ,
970 1242 1152 1307 Veres
1203 1243 1390 1307 Pe'ter
1440 1246 1502 1307 e's
1533 1242 1740 1328 szpdt,
1774 1243 2278 1330 Domonkosflai
2296 1296 2312 1329 ‚
2364 1248 2595 1335 Pakay

352 1352 589 1416 Tamais
623 1347 718 1434 (32)
771 1354 832 1415 6³
863 1350 1028 1415 de
1060 1351 1296 1416 Miklds
1326 1355 1841 1438 pozsonymeyyei
1887 1353 2163 1417 nemesek
2202 1375 2241 1414 a
2284 1358 2593 1443 pozsonyi

329 1459 650 1548 kciptalan
681 1461 916 1523 resze're
974 1460 1390 1525 lemondanak
1452 1460 1656 1524 Turne
1696 1459 1948 1545 mciskelp
2002 1459 2431 1545 Csukdrfalva
2460 1464 2584 1528 bir-

641 1566 888 1632 tokhozi
917 1568 1252 1653 joyailcro'l
1284 1590 1327 1631 a
1346 1570 1526 1654 yyb'ri
1556 1568 1865 1655 kdptalan
1896 1568 2056 1635 ewa.
2107 1570 2301 1635 1292.

551 1800 690 1867 Nos
741 1797 1112 1885 Capitulum
1165 1800 1465 1868 Ecclesie
1523 1798 1893 1868 Jauriensis
1946 1797 2388 1882 significamus
2449 1805 2585 1871 vni-

329 1907 568 1994 uersiS‚
603 1909 841 1994 quibus
876 1908 1147 1992 expedit
1188 1907 1604 1993 presencium
1635 1927 1753 1993 per
1786 1916 2100 1989 tenorem,
2136 1910 2310 1991 quod
2346 1915 2584 1981 consti-

223 2045 226 2048 ·
327 2020 492 2089 tutis
524 2019 592 2083 in
625 2018 836 2086 nostri
866 2036 1211 2102 presencia
1244 2018 1519 2086 Nicolao
1554 2017 1689 2083 filio
1721 2019 2000 2087 Iwanka
2034 2016 2114 2086 de
2146 2017 2359 2104 Neek,
2395 2022 2582 2088 Petro

330 2128 526 2212 Rufe,
559 2127 854 2211 Lepoldo
876 2125 1030 2211 filijs
1050 2126 1379 2195 Dominici
1414 2131 1479 2194 et
1510 2125 1766 2193 Chama
1800 2122 1942 2212 (igy
1964 2127 2299 2212 joforman
2322 2126 2579 2197 Thoma

328 2233 617 2323 helyett)
654 2236 739 2303 de
770 2236 982 2320 Paka,
1018 2255 1099 2301 ac
1150 2234 1426 2302 Nicolao
1459 2235 1637 2301 dicto
1667 2237 1851 2315 de,
1901 2235 2226 2304 nobilibus
2258 2235 2341 2301 de
2374 2237 2585 2306 Comi·

328 2353 481 2414 tatu
537 2345 959 2416 Posoniensis
1011 2365 1091 2413 ex
1142 2364 1274 2411 vna
1306 2349 1534 2429 parte,
1588 2351 1654 2410 et
1692 2344 2025 2428 magistris
2063 2347 2424 2413 Laurencio
2460 2347 2579 2413 Ou-

329 2457 515 2523 stode
581 2456 876 2522 Ecclesie
926 2453 1353 2522 Posoniensis
1403 2472 1483 2519 ac
1546 2453 1816 2522 Andrea
1864 2456 2161 2537 Notario‚
2229 2456 2578 2524 canonicis

328 2563 627 2632 eiusdem
675 2562 979 2632 Ecclesie
1026 2561 1446 2631 Posoniensis
1492 2562 1755 2630 nomine
1806 2574 1873 2630 et
1940 2564 2085 2631 vice
2127 2564 2455 2649 Prepositi
2502 2587 2582 2636 ac

329 2674 624 2759 Capituli
655 2676 951 2743 Ecclesie
1000 2675 1421 2742 Posoniensis
1456 2695 1538 2742 ex
1567 2681 1766 2761 parte
1798 2675 2051 2751 altera,
2082 2675 2282 2763 ijdem
2317 2677 2572 2746 nobiles

326 2784 600 2852 oraculo
634 2784 785 2851 viue
816 2785 1001 2853 uocis
1025 2804 1242 2854 coram
1263 2785 1455 2853 nobis
1483 2791 1636 2852 sunt
1671 2786 1980 2870 confessi,
2016 2787 2191 2869 quod
2223 2787 2382 2856 licet
2412 2790 2582 2856 inter

328 2896 535 2980 ipsos,
577 2900 641 2960 et
674 2894 1086 2982 Propositum
1138 2915 1219 2961 ac
1252 2895 1627 2979 Capitulum
1662 2900 2061 2962 memoratos
2095 2914 2292 2982 super
2322 2915 2582 2982 posses-

329 3006 518 3072 sione
574 3004 811 3070 'Pwrne
865 3022 980 3072 seu
1022 3002 1476 3072 Ohukarfalua
1531 3008 1908 3089 nuncupata
1929 3051 1947 3087 ‚
2002 3003 2301 3072 Ecclesie
2351 3006 2581 3073 Sancti

336 3113 709 3181 Saluatoris
764 3111 845 3178 de
876 3114 1090 3178 Poson
1139 3132 1259 3198 per
1289 3112 1660 3181 Johannem
1705 3110 1904 3178 filium
1937 3111 2114 3177 Petri
2145 3113 2211 3176 in
2243 3109 2384 3180 vita
2414 3116 2481 3177 et
2510 3111 2578 3181 in

336 3227 545 3289 morte
576 3221 832 3288 collata
863 3222 1216 3288 altercacio
1254 3220 1538 3306 quedam
1572 3225 1637 3287 et
1666 3219 1873 3286 uerba
1908 3225 2086 3286 mota
2117 3218 2414 3302 fuissent,
2450 3217 2578 3305 ipsi

330 3339 549 3397 tamen
588 3336 859 3418 propter
889 3331 1131 3398 bonum
1178 3318 1367 3416 pacis
1422 3337 1489 3396 et
1540 3328 1796 3396 iusticie
1835 3349 1916 3395 ac
1948 3328 2346 3413 premiorum
2381 3325 2575 3395 intui-

332 3446 471 3506 tum
507 3446 898 3526 eternorum‚
933 3438 1113 3507 omni
1141 3436 2089 3524 altercacioni,'controuersie,
2127 3434 2227 3502 liti
2251 3441 2318 3502 et
2338 3434 2481 3520 iuri,
2517 3436 2580 3504 si

333 3568 459 3634 que
496 3548 664 3616 forte
689 3548 783 3615 eis
804 3548 870 3614 in
888 3548 1038 3633 ipsa
1057 3548 1478 3632 possessione
1510 3548 1751 3614 Twrne
1783 3545 2122 3613 nominata
2156 3563 2236 3609 ex
2268 3562 2368 3626 ec,
2403 3542 2574 3627 quod

330 3658 459 3742 ipsi
494 3654 576 3722 de
597 3658 1036 3741 generacione
1069 3655 1401 3740 quondam
1435 3656 1703 3723 Comitis
1738 3653 2024 3737 (mukar,
2058 3653 2167 3718 aui
2198 3648 2441 3736 prefati
2462 3652 2573 3720 Jo-

329 3766 571 3848 hannis·
621 3771 881 3848 essent,
937 3770 1374 3848 competeret,
1410 3763 1670 3831 nomine
1702 3782 1824 3831 suo
1849 3811 1867 3848 ‚
1918 3767 1987 3827 et
2018 3760 2279 3828 nomine
2319 3777 2402 3825 ac
2429 3758 2576 3825 vice

327 3876 611 3946 omnium
646 3874 917 3941 fratrum
968 3880 1033 3939 et
1083 3882 1508 3957 cognatorum
1540 3892 1799 3939 suorum
1852 3870 2210 3939 cessissent
2240 3873 2308 3933 et
2338 3886 2570 3935 renun-

329 3984 655 4066 ciassent,
726 3988 793 4048 et
844 3981 1019 4064 quod
1067 3981 1421 4066 predictam
1475 3981 1844 4051 Ecclesiam
1902 3975 2134 4048 Sancti
2183 3974 2570 4058 Saluatoris‚

327 4100 395 4162 et
443 4093 585 4161 eius
634 4090 1042 4179 Propositum
1121 4111 1203 4159 ac
1264 4090 1629 4177 Capitulum
1679 4090 2006 4176 prefatam
2075 4085 2567 4171 possessionem

328 4202 573 4271 Twrne
591 4253 611 4289 ,
645 4220 763 4268 seu
793 4200 1242 4271 Ohukarfalua
1290 4200 1537 4267 dictam
1567 4204 1811 4281 tenere,
1846 4196 2091 4263 habere
2124 4201 2189 4259 et
2219 4190 2567 4281 possidere

329 4310 760 4397 reliquissent
787 4310 1060 4399 pacifice
1093 4316 1158 4377 et
1207 4308 1632 4377 dimisissent.
1665 4307 1741 4372 In
1776 4306 1961 4372 cuius
2000 4302 2093 4370 rei
2126 4298 2574 4369 testimonium

329 4428 397 4490 et
427 4417 801 4488 firmitatem
849 4424 1196 4505 presentes
1245 4416 1334 4486 ad
1381 4416 1774 4502 peticionem
1813 4421 2244 4497 -vtrarumque
2275 4410 2573 4497 parcium

324 4528 772 4618 predictarum
791 4534 1012 4595 nostro
1045 4529 1315 4596 fecimus
1350 4528 1569 4614 sigillo
1605 4524 1985 4594 communiri
2016 4529 2085 4589 et
2118 4519 2365 4588 eisdem
2399 4518 2572 4585 Lau-

325 4637 548 4708 reneio
581 4636 855 4705 Custodi
889 4643 955 4704 et
985 4636 1300 4724 magistro
1332 4635 1594 4707 Andree
1623 4632 1978 4724 assignari.
2009 4630 2251 4706 Datum
2279 4624 2594 4704 secundo'
