3416 5313
1338 505 1368 512 „
1419 412 1553 475 225

1421 1036 1570 1104 148.

370 1234 432 1299 A
465 1235 765 1320 pozsonyi
789 1232 1103 1319 kdptalcm
1134 1233 1675 1321 bizonysdqlcvele,
1711 1235 1869 1322 hoyy
1912 1233 2181 1301 Corchai
2219 1237 2432 1300 Ῑειυάη
2464 1236 2622 1301 Hcct

369 1343 615 1429 helysdy
635 1340 1090 1427 fflldeaurdval
1120 1344 1184 1406 e's
1215 1341 1576 1408 lakosaival
1606 1344 1896 1430 bizonyoa
1942 1343 2386 1409 bdntalmakra
2414 1347 2619 1431 πέιυο,

463 1450 802 1537 melyekkel
833 1449 979 1514 ezek
1009 1450 1071 1513 62
1102 1450 1366 1536 illectae,
1399 1451 1857 1536 bardtsdqosan
1878 1452 2286 1539 eqyezkedett.
2331 1455 2527 1519 1299.

589 1647 727 1715 Nos
761 1647 1140 1734 Capitulum
1173 1648 1599 1717 Posoniensis
1622 1648 1923 1717 Ecclesie
1955 1650 2270 1718 memorie
2301 1667 2621 1715 commen-

374 1755 617 1824 dantes
650 1755 1099 1843 significamus
1133 1759 1373 1841 quibus
1407 1757 1677 1842 expedit
1714 1757 2060 1843 vniuersis,
2103 1759 2281 1841 quod
2312 1757 2622 1826 constitu-

375 1865 461 1932 tis
493 1863 935 1949 personaliter
967 1884 1189 1931 coram
1225 1864 1412 1933 nobis
1447 1864 1695 1932 Ditrico
1734 1865 1954 1930 villico
1989 1866 2072 1933 de
2103 1867 2292 1948 Heet,
2327 1864 2524 1941 Vreh,
2560 1870 2626 1928 et

377 1972 650 2038 Hanreh
682 1970 857 2038 dicto
877 1972 1172 2059 Selbher‚
1210 1978 1277 2037 et
1297 1971 1547 2038 Comite
1567 1972 1820 2039 Jacobo
1842 1973 2122 2039 Domino
2146 1972 2438 2040 eiusdem
2471 1970 2628 2038 ville

375 2081 591 2146 Heeth
623 2080 709 2146 ab
756 2101 889 2150 vna
942 2089 1172 2168 parte,
1205 2080 1546 2166 Stephano
1594 2080 1677 2147 de
1713 2082 1969 2149 Coreha
2022 2082 2108 2147 ab
2161 2081 2414 2169 altera;
2451 2079 2623 2146 idem

379 2191 760 2276 Stephanus
794 2200 895 2259 est
947 2191 1295 2259 confessus
1346 2192 1499 2259 viva
1532 2210 1736 2274 voce,
1787 2190 1960 2273 quod
2011 2191 2168 2258 licet
2201 2198 2379 2258 mota
2426 2189 2628 2255 fuerit

381 2300 665 2367 materia
696 2299 1059 2381 questionis
1091 2299 1265 2365 inter
1299 2298 1479 2382 ipsos
1513 2318 1632 2382 pro
1681 2292 2089 2366 uulneribus
2116 2305 2183 2364 et
2214 2299 2467 2365 iniuriis
2503 2298 2627 2383 ipsi

380 2408 722 2491 Stephano
755 2407 963 2474 illatis
1014 2427 1132 2491 per
1165 2405 1504 2490 predictos
1554 2408 1834 2492 populos
1869 2407 1952 2474 de
1989 2407 2200 2475 Heeth
2226 2456 2245 2490 ,
2300 2413 2364 2472 et
2394 2404 2507 2473 diu
2538 2403 2629 2470 al-

380 2517 617 2583 tercati
645 2516 965 2599 fuissent,
1019 2513 1106 2581 ad
1139 2516 1434 2583 Vltimum
1467 2521 1684 2582 tamen
1720 2513 2165 2581 mediantibus
2203 2514 2429 2599 probis
2467 2513 2628 2582 viris

378 2624 604 2693 taliter
638 2620 1149 2693 concordassent
1182 2646 1198 2687 ε
1232 2622 1424 2702 Quod
1452 2622 1698 2709 prefati
1733 2624 1959 2709 populi
1992 2621 2074 2690 de
2106 2622 2277 2689 Heet
2311 2620 2632 2692 deberent

381 2733 643 2802 soluere
676 2730 892 2801 eidem
943 2730 1281 2816 Stephano
1334 2751 1451 2818 pro
1483 2731 1867 2799 uulneribus
1921 2731 2059 2797 suis
2100 2739 2168 2798 et
2200 2730 2453 2797 iniuriis
2504 2726 2630 2798 sibi

380 2842 586 2910 illatis
620 2848 770 2909 octo
807 2859 1067 2910 marcas
1087 2890 1103 2924 ,
1160 2860 1325 2924 quas
1359 2840 1627 2924 quidem
1659 2848 1810 2907 octo
1846 2859 2108 2906 marcas
2146 2839 2323 2906 idem
2356 2838 2632 2923 Stepha-

381 2970 508 3017 nus
542 2972 586 3018 a
614 2946 928 3034 predictis
980 2947 1240 3032 populis
1274 2946 1356 3012 de
1391 2946 1605 3015 Heeth
1653 2948 1993 3015 confessus
2045 2952 2149 3014 est
2181 2965 2254 3013 se
2302 2944 2635 3030 recepisse

386 3058 722 3142 plenarie,
778 3063 847 3122 et
876 3056 1121 3124 habere
1142 3105 1160 3135 ,
1213 3063 1277 3120 et
1309 3053 1406 3124 sic
1437 3054 1676 3123 dictum
1710 3057 2038 3138 villicum,
2075 3055 2250 3123 Vreh
2270 3107 2291 3142 ,
2343 3053 2633 3137 Ham-eh,

381 3165 664 3234 Selbher
696 3171 765 3230 et
795 3170 1000 3230 totam
1038 3164 1265 3229 villam
1298 3163 1512 3228 Heeth
1533 3213 1551 3246 ‚
1606 3184 1685 3232 ac
1718 3164 2043 3232 Jacobum
2077 3163 2400 3232 Comitem
2431 3162 2636 3231 domi-

386 3294 543 3342 num
575 3272 870 3339 eiusdem
902 3270 1057 3340 ville
1089 3270 1322 3354 Heeth,
1360 3271 1657 3356 prefatus
1706 3271 2083 3357 Stephanus
2136 3272 2219 3339 de
2256 3273 2635 3339 uulneribus

398 3390 463 3448 et
515 3384 815 3450 omnibus
866 3379 1124 3446 iniuriis
1176 3378 1303 3446 sibi
1354 3378 1560 3446 illatis
1613 3378 1905 3446 reddidit
1954 3377 2218 3464 penitus
2252 3378 2634 3463 expeditos;

385 3487 747 3575 obligando
780 3508 874 3571 se,
909 3488 1081 3571 quod
1114 3487 1478 3570 quicunque
1513 3507 1833 3574 processu
1872 3494 2237 3574 temporum
2257 3485 2637 3574 sepedictos

390 3599 670 3684 populos
692 3596 773 3662 de
799 3596 1034 3680 Heeth,
1068 3599 1186 3661 aut
1204 3597 1248 3663 J
1250 3597 1528 3663 aeobum
1550 3594 1868 3663 Comitem
1890 3597 2241 3663 Dominum
2264 3594 2639 3679 eorundem,

383 3703 651 3774 racione
684 3704 1150 3791 premissorum
1184 3701 1608 3771 articulorum
1640 3704 1843 3769 vellet
1875 3703 2191 3789 impetere
2229 3704 2339 3771 vel
2371 3721 2635 3789 vexare,

388 3822 630 3885 extunc
681 3813 850 3881 idem
903 3809 1283 3898 Stephanus
1334 3811 1417 3876 de
1467 3811 1723 3878 Corcha
1771 3817 2102 3879 teneretur
2154 3831 2271 3879 eos
2325 3811 2640 3895 expedire

386 3922 676 4011 propriis
724 3919 1061 3989 laboribus
1113 3925 1177 3985 et
1211 3918 1540 4003 expensis.
1575 3919 1823 3985 Datum
1874 3940 2047 3987 anno
2092 3918 2355 3984 Domini
2389 3920 2475 3984 M.
2512 3917 2636 3986 CC.

391 4028 865 4113 LXXXX1X⁰‚
890 4026 1185 4095 secunda
1207 4027 1318 4093 die
1341 4036 1721 4094 octauarum
1738 4027 2122 4093 Natiuitatis
2143 4027 2411 4095 Domini
2433 4027 2644 4093 nostri

392 4145 554 4211 Jesu
587 4139 846 4206 Christi.

1214 4296 1326 4371 (ΑΖ
1365 4295 1586 4352 eredeti
1624 4294 1807 4364 utan.)

1261 4569 1776 4579 ————-———-—-—-

507 4846 704 4886 nomm
725 4844 883 4885 nnnc.
913 4842 1046 4884 ms‘r.
1067 4861 1122 4870 —
1138 4842 1270 4881 mm..
1295 4840 1359 4882 ιο.
2354 4821 2439 4886 15
