3416 5313
1369 408 1502 477 206

532 606 669 675 Nos
704 605 903 693 igitur
956 605 1384 676 consideratis
1416 603 1840 677 fidelitatibus
1873 614 1939 675 et
1970 606 2318 693 meritorijs
2351 608 2549 677 serui-

313 711 442 798 cijs
477 714 832 783 eorundem
882 715 1240 797 Johannis,
1295 715 1582 784 Rolandi
1619 724 1681 784 et
1729 716 1934 802 Pauli,
1970 735 2092 799 que
2126 716 2315 785 nobis
2353 716 2413 781 in
2450 716 2544 782 di-

259 860 262 861 r
311 820 524 887 uersis
547 821 1078 907 expedicionibus
1100 822 1309 905 Regni
1330 823 1532 889 nostri
1566 828 1698 888 tam
1725 821 2144 909 generalibus
2181 840 2374 908 quam
2393 843 2539 907 par-

308 929 721 1018 ticularibus,
756 952 899 1000 cum
940 931 1115 998 omni
1148 929 1401 998 feruore
1431 930 1770 1001 fidelitatis
1791 931 2267 1018 impenderunt,
2300 941 2364 1001 et
2395 951 2546 1017 spe·
2646 956 2649 963 ·

311 1037 568 1107 cialiter
616 1039 1070 1126 attendentes,
1124 1039 1301 1123 quod
1334 1040 1509 1106 idem
1562 1041 1899 1108 Johannes
1931 1039 1998 1106 in
2052 1041 2548 1127 expugnacione

314 1148 517 1216 castri
548 1150 816 1235 szeg,
866 1147 1036 1232 quod
1086 1167 1205 1235 per
1236 1147 1617 1234 Magistrum
1652 1148 2020 1219 Johannem
2054 1150 2255 1216 filium
2286 1150 2550 1218 Henriei

309 1256 502 1340 Bani,
533 1264 684 1323 tunc
713 1262 1005 1323 nostrum
1043 1261 1107 1323 et
1127 1257 1335 1342 Regni
1367 1257 1576 1324 nostri
1610 1256 1934 1325 infidelem
1969 1257 2404 1348 detinebatur,
2441 1280 2548 1326 ex-

312 1363 527 1428 hibuit
556 1368 622 1430 et
651 1363 969 1449 inpendit,
1006 1383 1120 1431 sue
1155 1363 1493 1431 fidelitatis
1543 1365 2029 1450 experieneiam
2052 1363 2390 1433 euidenter
2419 1388 2553 1434 ma·

312 1470 678 1556 nifestans,
731 1471 1134 1539 intuentibus
1185 1472 1372 1539 nobis
1407 1470 1679 1540 uiriliter
1711 1473 2079 1541 dimicando
2131 1475 2354 1544 mortis
2386 1477 2550 1560 peri·

316 1581 533 1647 culum
564 1601 694 1647 non
725 1580 1108 1665 formidans,
1163 1587 1443 1663 quatuor
1476 1580 1707 1649 letalia
1741 1586 1997 1670 excepit
2030 1582 2326 1667 uulnera,
2364 1585 2548 1652 seili-

316 1694 423 1755 cet
453 1688 673 1758 fossus
727 1687 790 1753 in
843 1694 1107 1775 pectore
1141 1691 1375 1759 lancea
1418 1689 1588 1758 ferro
1623 1693 1929 1777 scapulas
1979 1691 2347 1775 attingenti,
2382 1701 2448 1759 et
2480 1694 2544 1758 fl-

317 1817 442 1864 xus
472 1797 716 1882 sagitta
750 1797 817 1864 in
849 1817 1044 1865 manu
1095 1798 1348 1883 dextra,
1382 1817 1461 1863 ac
1495 1818 1724 1866 cussus
1775 1800 1996 1884 gladio
2048 1800 2115 1866 in
2149 1801 2367 1888 capite
2421 1802 2550 1869 duo

316 1907 652 1991 perferens
687 1907 957 1973 uulnera
979 1907 1046 1973 in
1079 1907 1530 1991 captiuitatem
1564 1907 1857 1972 eiusdem
1890 1907 2195 1992 Magistri
2225 1906 2548 1977 Johannis

317 2017 637 2100 incidens,
671 2035 877 2100 usque
916 2017 1074 2083 anni
1116 2017 1596 2085 reuolucionem
1633 2022 1734 2084 est
1768 2018 2069 2086 detentus
2105 2019 2387 2104 captiuis
2420 2020 2554 2085 uin·

316 2125 481 2193 culis
515 2128 947 2211 mancipatus.
1004 2127 1166 2192 Item
1200 2145 1345 2190 cum
1377 2144 1494 2191 nos
1530 2125 1911 2215 Magistrum
1966 2127 2388 2209 Demetrium,
2437 2127 2553 2192 Co-

318 2233 537 2300 mitem
588 2235 1060 2302 Posoniensem
1112 2240 1175 2300 et
1227 2234 1311 2301 de
1358 2234 1625 2300 Zoulum
1678 2235 1986 2304 dilectum
2019 2243 2082 2299 et
2134 2234 2398 2302 fidelem
2432 2254 2553 2300 no-

316 2351 541 2424 strum,
573 2344 639 2410 in
660 2362 1037 2411 succursum
1071 2342 1312 2412 domini
1334 2342 1592 2409 Alberti
1625 2349 1780 2411 tunc
1799 2345 2002 2412 Ducis
2036 2346 2298 2410 Austrie
2332 2351 2395 2410 et
2428 2343 2553 2411 Sti·

317 2453 432 2534 rie,
467 2470 636 2517 nunc
669 2472 827 2519 uero
861 2452 1060 2537 Regis
1100 2454 1535 2519 Romanorum
1570 2471 1830 2538 semper
1860 2454 2163 2539 Augusti,
2197 2453 2406 2539 patris
2446 2472 2555 2518 no-

318 2561 440 2627 stri
489 2560 859 2644 karissimi,
916 2565 1145 2627 contra
1200 2558 1566 2644 Odolphum
1601 2566 1756 2628 tunc
1809 2563 2053 2646 Regem
2090 2563 2550 2646 Romanorum,

317 2667 609 2736 eiusdem
643 2670 850 2754 patris
871 2671 1075 2735 nostri
1107 2667 1445 2736 karissimi
1465 2668 1817 2755 capitalem
1854 2671 2199 2755 inimicum,
2234 2671 2555 2738 destinas-

317 2797 555 2861 semim,
590 2777 685 2845 ibi
715 2777 921 2844 eciam
972 2777 1145 2843 idem
1178 2776 1516 2845 Johannes
1552 2797 1694 2842 cum
1728 2776 1872 2862 ipso
1905 2780 2343 2865 proficiscens,
2394 2781 2555 2848 mili-

316 2890 493 2952 tares
529 2895 594 2973 et
626 2892 922 2954 strenuos
949 2892 1138 2955 actus
1173 2885 1462 2954 exercuit
1494 2887 1688 2954 laude
1723 2887 1957 2972 dignos
1990 2890 2053 2954 in
2089 2889 2386 2974 generali
2407 2910 2549 2961 con-

315 2995 515 3078 flictu,
551 3014 744 3080 quem
777 2993 949 3061 idem
1000 3000 1192 3078 pater
1245 3001 1465 3062 noster
1496 2993 1727 3062 habuit
1759 3013 1903 3061 eum
1945 2995 2202 3081 prefato
2254 2993 2557 3083 Odolpho

318 3107 499 3188 Rege
529 3106 987 3191 Romanorum,
1021 3105 1134 3171 ubi
1167 3102 1341 3170 idem
1375 3106 1514 3171 Rex
1567 3103 1912 3191 Odolphus
1947 3106 2303 3192 crudeliter,
2342 3106 2558 3174 extitit

326 3216 755 3297 interemptus
787 3211 1018 3280 eodem
1053 3211 1404 3282 karissimo
1455 3217 1643 3298 patre
1676 3220 1900 3281 nostro
1932 3213 2257 3300 triumpho
2293 3215 2558 3282 obtento

325 3323 638 3409 glorios0,
675 3343 793 3391 sex
842 3321 1082 3390 milites
1114 3321 1364 3388 cinctos
1396 3319 1641 3407 gladijs
1681 3327 1748 3387 et
1781 3322 2109 3404 quendam
2139 3322 2407 3391 fratrem
2439 3324 2559 3389 Pa-

320 3431 512 3498 latini
544 3431 752 3518 ipsius
782 3430 985 3516 Regis
1035 3430 1323 3514 Odolphi
1357 3428 1776 3516 captiuando‚
1810 3438 2001 3515 prout
2032 3430 2200 3497 idem
2243 3431 2560 3515 Magister

315 3540 691 3609 Demetrius
721 3541 908 3608 nobis
939 3539 1198 3622 retulit,
1250 3559 1330 3606 ac
1367 3539 1639 3606 uulnera
1678 3540 1984 3607 mortalia
2034 3541 2438 3609 sustinendo.
2474 3540 2557 3607 Et

317 3650 475 3716 licet
505 3650 678 3717 idem
723 3650 1065 3718 Johannes
1096 3666 1212 3733 pro
1248 3654 1368 3717 tot·
1396 3654 1463 3714 et
1493 3648 1695 3717 tantis
1749 3649 2180 3717 fidelitatibus
2230 3670 2312 3717 ac
2355 3649 2555 3716 serui-

317 3761 440 3846 cijs
474 3759 611 3827 suis
642 3758 898 3826 maiora
928 3764 1302 3842 mereretur,
1346 3757 1412 3824 in
1447 3758 1801 3842 aliqualem
1832 3767 2051 3825 tamen
2100 3779 2557 3844 recompensa·

320 3865 571 3935 cionem
623 3868 1039 3936 seruiciorum
1094 3886 1356 3935 suorum
1407 3867 1646 3935 dictam
1682 3875 1926 3936 terram
1977 3868 2361 3954 Egenzaraz
2412 3890 2557 3937 cum

321 3977 625 4044 omnibus
656 3975 1054 4046 utilitatibus
1088 3984 1153 4043 et
1203 3969 1625 4061 pertinencijs
1657 3976 1793 4043 suis
1826 3977 1946 4043 sub
1983 3975 2229 4043 eisdem
2262 3978 2451 4046 metis
2492 3985 2558 4045 et

325 4083 638 4171 terminis,
675 4085 910 4171 quibus
943 4083 1030 4151 ab
1071 4082 1336 4166 antiquo
1372 4086 1521 4169 ipsa
1553 4089 1730 4150 terra
1760 4084 2044 4151 limitata
2077 4084 2289 4151 extitit
2320 4094 2382 4153 et
2414 4105 2558 4170 pos-

325 4213 532 4277 sessa,
566 4189 731 4279 ipsis
765 4192 1070 4282 Johanni,
1124 4192 1427 4260 Rolando
1480 4198 1546 4260 et
1577 4191 1779 4259 Paulo
1813 4212 1894 4258 ac
1927 4211 2149 4259 eorum
2185 4191 2560 4278 heredibus,

322 4302 758 4387 heredumque
779 4322 1035 4394 suorum
1056 4303 1566 4389 successoribuS,
1592 4302 1676 4369 de
1717 4301 2134 4386 beneplacito
2155 4308 2218 4370 et
2241 4322 2560 4371 consensu

319 4413 583 4480 domine
616 4414 866 4499 Regine
897 4412 1219 4480 consortis
1251 4419 1473 4480 nostre
1506 4413 1892 4495 karissime,
1929 4410 2245 4497 dedimus,
2287 4414 2556 4483 donaui-

321 4540 463 4588 mus
497 4528 565 4588 et
616 4522 1006 4588 contulimus
1058 4528 1375 4607 perpetuo
1411 4527 1475 4586 et
1512 4520 2026 4589 irreuocabiliter
2075 4520 2560 4610 possidendam.

327 4631 402 4695 In
449 4630 633 4699 cuius
685 4631 781 4697 rei
822 4633 1196 4699 memoriam
1248 4636 1314 4699 et
1363 4636 1748 4717 perpetuam
1797 4630 2166 4721 firmitatem
2216 4640 2561 4719 presentes

323 4737 765 4816 concessimus
791 4741 1045 4809 litteras
1067 4739 1345 4825 duplicis
1377 4740 1617 4826 sigillis
1651 4734 1824 4828 (igy)
1857 4740 2059 4808 nostri
2092 4741 2443 4810 munimine
2463 4763 2560 4812 ro-
