3416 5313
1435 450 1561 531 131

376 662 507 723 tum
541 655 608 723 in
640 654 806 724 festo
837 659 1027 724 Beati
1081 655 1587 744 Bartholomcy,
1621 679 1794 725 anno
1828 661 2087 729 Domini
2119 664 2468 736 millesimo
2499 669 2613 736 du·

375 765 732 832 centesimo
762 765 1189 848 nonagesimo
1231 766 1473 851 quinto.

800 956 1080 1030 (Teutsch
1106 957 1167 1015 es
1193 959 1517 1019 Firnhaber
1554 961 1628 1018 id.
1657 980 1730 1017 m.
1755 962 1798 1017 1.
1823 964 1943 1021 kot.
1974 966 2093 1021 190.
2118 965 2185 1038 1.)

1420 1844 1537 1910 82.

364 2050 463 2116 ΑΖ
494 2065 733 2150 ωᾱέιῃι·
749 2061 1059 2148 kdptazan
1105 2060 1661 2147 bizonysdyzeveze,
1695 2062 1856 2148 koqy
1907 2065 2157 2151 Μῑιιιόε,
2190 2066 2421 2134 Mikud
2451 2070 2601 2134 Βάη

348 2176 468 2259 fia,
510 2171 908 2237 Mokowtclek
956 2169 1229 2232 birtokdt
1278 2170 1566 2233 Kezemen
1616 2168 2137 2257 qyulafehc'rvdri
2184 2175 2601 2243 kanonoknak

940 2279 1031 2340 30
1082 2286 1250 2341 ezilst
1296 2278 1538 2362 yirdert
1570 2276 1783 2343 cladta
1825 2280 2017 2342 1295.

578 2497 943 2582 Capitulum
968 2494 1269 2562 Ecclesie
1301 2494 1493 2561 Beati
1525 2492 1891 2581 Mychaelis
1923 2495 2317 2580 Archangeli
2352 2501 2590 2569 Trans-

360 2611 638 2693 siluane,
677 2605 975 2674 omnibus
1008 2602 1255 2673 Christi
1287 2602 1584 2672 fidelibus
1618 2611 1996 2691 presentem
2028 2606 2345 2692 paginam
2376 2609 2592 2697 inspe-

360 2720 557 2786 cturis
592 2718 867 2785 salutem
918 2713 982 2778 in
1035 2714 1310 2780 omnium
1335 2714 1691 2780 saluatore.
1732 2714 1817 2778 Vt
1867 2715 2073 2798 gestis
2107 2714 2436 2782 hominum
2473 2720 2594 2786 rite

359 2825 979 2907 racionabiliterque
1025 2822 1362 2907 ordinatiS,
1415 2820 1738 2887 effrenata
1769 2822 2119 2907 cupiditas,
2155 2825 2254 2889 sui
2288 2827 2590 2912 prodiga,

357 2937 545 3022 pacis
575 2934 808 3017 emula,
845 2931 1309 3018 calumpniosis
1350 2931 1488 2996 suis
1542 2930 1891 2998 conatibus
1925 2938 1990 2997 et
2024 2935 2354 3000 consuetis
2386 2935 2452 3000 in
2487 2937 2593 3002 fu-

356 3056 568 3112 turum
600 3043 860 3110 minime
892 3046 1089 3123 queat
1128 3038 1475 3106 nouercari
1507 3059 1621 3105 sev
1666 3055 1917 3112 nocere,
1967 3037 2120 3125 ipsa
2153 3041 2239 3106 ad
2273 3045 2592 3110 cautelam

357 3152 731 3242 patrocinio
767 3151 1124 3217 litterarum
1167 3154 1640 3215 consueuerant
1673 3146 1990 3213 roborari.
2027 3148 2309 3216 Proinde
2338 3151 2429 3218 ad
2459 3154 2592 3219 vni-

353 3281 683 3331 uersorum
713 3258 1022 3326 noticiam
1075 3264 1209 3323 tam
1260 3257 1685 3340 presencium
1736 3276 1932 3340 quam
1972 3256 2331 3324 futurorum
2367 3261 2590 3326 harum

354 3372 524 3440 serie
556 3370 854 3437 volumus
884 3367 1247 3452 peruenire,
1284 3366 1462 3448 quod
1496 3365 1736 3434 nobilis
1774 3368 1876 3432 vir
1909 3366 2223 3453 magister
2256 3366 2588 3453 Nicolaus,

352 3480 523 3548 filius
557 3479 803 3563 Mykud
858 3476 1065 3561 Rani,
1097 3476 1186 3542 ad
1216 3484 1509 3541 nostram
1560 3476 1886 3542 accedens
1918 3476 2348 3560 presenciam,
2383 3499 2588 3562 quan-

354 3589 506 3656 dam
539 3594 779 3655 terram
801 3605 986 3651 suam
1017 3586 1539 3672 Mokoutelukey
1572 3595 1875 3652 vocatam
1893 3585 2079 3650 iuxta
2120 3586 2334 3654 Morus
2368 3588 2435 3652 in
2469 3589 2587 3656 Oo-

355 3700 583 3765 mitatu
613 3693 906 3780 Albensi,
936 3714 1142 3780 prope
1177 3695 1444 3778 Bagach
1482 3695 1913 3775 existentem,
1949 3713 2089 3760 cum
2130 3695 2431 3761 omnibus
2465 3696 2586 3760 vti-

349 3807 647 3874 litatibus
677 3806 834 3890 suis,
869 3809 934 3871 et
952 3804 1402 3889 pertinencijs,
1435 3805 1619 3870 iuxta
1649 3813 1907 3871 veteres
1928 3808 2137 3870 metas
2166 3810 2231 3866 et
2262 3804 2585 3890 antiquaS,

351 3915 588 4000 quibus
618 3914 773 4000 ipsa
803 3919 980 3977 terra
1011 3932 1129 3996 per
1175 3912 1429 3997 priores
1462 3930 1617 3978 suos
1649 3929 2075 3995 possessores
2108 3909 2319 3977 extitit
2350 3912 2437 3979 ab
2471 3934 2585 3980 an·

350 4023 530 4108 tiquo
560 4021 847 4089 limitata
867 4071 886 4107 ,
936 4021 1213 4106 pacifice
1236 4070 1255 4105 ,
1306 4028 1372 4086 et
1419 4040 1733 4106 possessa
1754 4070 1771 4104 ‚
1803 4039 1953 4085 cum
1986 4040 2114 4086 vna
2147 4021 2319 4088 silua
2348 4023 2585 4089 Sumus

348 4141 611 4216 uocata,
653 4139 720 4197 et
751 4150 893 4196 cum
928 4130 1279 4196 medietate
1321 4128 1594 4197 alterius
1627 4129 1795 4195 silue
1828 4147 1965 4207 sue,
2001 4131 2064 4194 in
2093 4130 2227 4195 alia
2262 4139 2437 4197 terra
2462 4151 2584 4198 sua

348 4243 584 4326 Hasag
613 4247 1031 4324 nuncupata,
1081 4237 1382 4304 vendidit
1430 4240 1742 4323 magistro
1794 4238 2114 4304 Clementi
2145 4238 2582 4310 concanonico

346 4360 572 4418 nostro
624 4356 689 4415 et
737 4367 857 4434 per
888 4368 1036 4413 eum
1070 4349 1206 4415 suis
1243 4349 1564 4432 cognatiS,
1599 4350 1833 4432 quibus
1868 4347 2040 4413 idem
2088 4347 2432 4433 ordinabit,
2466 4369 2582 4434 pro

345 4461 621 4547 triginta
653 4457 892 4523 marcis
940 4456 1050 4522 fini
1086 4459 1365 4542 argenti,
1421 4457 1713 4543 plenarie
1764 4455 2065 4523 similiter
2115 4477 2338 4523 coram
2388 4458 2580 4524 nobis

348 4567 614 4652 habitis,
646 4564 1002 4653 persolutis
1055 4570 1118 4630 et
1150 4562 1449 4649 receptis,
1481 4587 1598 4650 per
1631 4563 2012 4647 magistrum
2063 4564 2406 4632 Nicolaum
2437 4585 2578 4651 pre-

349 4681 660 4760 notatum‚
696 4676 834 4740 iure
857 4682 1174 4759 perpetuo
1196 4680 1260 4738 et
1293 4674 1807 4740 irrevocabiliter
1840 4672 2329 4760 possidendam,
2363 4681 2429 4740 et
2469 4675 2577 4740 ha-

347 4783 648 4850 bendam.
681 4783 1004 4867 Obligans
1035 4801 1108 4849 se
1140 4781 1313 4848 idem
1358 4785 1675 4865 magister
1705 4781 2039 4862 Nicolaus,
2071 4785 2140 4846 vt
2171 4780 2411 4847 dictum
2445 4802 2577 4846 ma-

2160 4907 2257 4969 9*
