3416 5313
1339 537 1352 541 ς
1388 433 1512 541 {57

311 1295 381 1362 A
393 1297 703 1384 pozsonyi
730 1293 1041 1382 kdptalan
1071 1292 1264 1360 Vorb's
1282 1268 1609 1359 Ᾰόναῖιάφη
1627 1294 1933 1382 pouonyi
1961 1290 2352 1381 alispdvmak
2384 1289 2564 1360 level-

394 1404 466 1470 be
483 1403 731 1492 soqlalt
761 1405 1039 1469 karam
1067 1404 1230 1489 citio-j
1232 1424 1272 1467 a
1305 1427 1384 1468 az
1416 1401 1600 1469 alcibb
1617 1405 1895 1490 jeqyzett
1923 1402 2265 1470 szdmokat.
2300 1402 2499 1468 1296.

538 1623 674 1689 Nos
707 1618 1078 1706 Capitulum
1128 1618 1427 1687 Ecclesie
1459 1618 1888 1689 Posoniensis
1921 1616 2376 1705 significamus
2421 1617 2564 1686 vni-

319 1729 559 1814 uersis‚
594 1728 825 1814 quibus
858 1727 1168 1815 expedit,
1200 1748 1316 1813 per
1349 1734 1687 1814 presentes
1707 1779 1728 1814 ‚
1763 1728 1937 1813 quod
1969 1726 2295 1796 accedens
2327 1728 2417 1797 ad
2449 1749 2564 1794 no·

313 1849 522 1907 stram
573 1839 986 1923 presenciam
1044 1838 1291 1905 nobilis
1323 1840 1424 1905 vir
1470 1837 1813 1908 Johannes
1868 1837 2040 1906 filius
2090 1837 2434 1906 Benedicti
2484 1839 2564 1905 de

304 1947 562 2035 ‘Okoly‚
595 1946 783 2015 nobis
832 1947 1088 2014 litteras
1120 1946 1431 2015 Abrahee
1465 1944 1637 2034 (igy)
1672 1947 1828 2016 dicti
1861 1945 2006 2013 Rufi
2040 1945 2326 2014 Curialis
2360 1945 2566 2012 Comi-

309 2057 406 2125 tis
441 2058 856 2126 Posoniensis
890 2056 1207 2141 exhibuit,
1241 2057 1416 2124 hunc
1448 2063 1737 2125 tenorem
1776 2057 2185 2125 continentes
2222 2079 2238 2122 ε

535 2166 782 2235 Amicis
833 2167 967 2234 suis
1019 2166 1394 2235 karissimis
1442 2166 1751 2252 Capitulo
1787 2166 2176 2234 Posoniensi
2225 2165 2564 2234 Abraham

313 2273 551 2341 Ruffus
603 2273 886 2342 curialis
940 2274 1174 2341 Comes
1225 2276 1648 2344 Posoniensis
1698 2274 2205 2344 inclinacionem
2255 2294 2395 2340 cum
2456 2273 2566 2339 ho·

312 2403 499 2451 nore.
530 2381 911 2451 Amiciciam
945 2390 1231 2453 uestram
1266 2383 1549 2469 petimus
1597 2392 1662 2451 et
1692 2402 2003 2469 rogamus
2023 2432 2042 2465 ‚
2094 2386 2420 2466 quatenus
2453 2379 2559 2447 lit-

312 2500 500 2560 teras
532 2498 792 2560 nostras
825 2496 1128 2576 patentes
1183 2510 1381 2576 super
1414 2490 1837 2576 possessione
1868 2490 2198 2578 Symperg
2231 2494 2299 2556 et
2347 2489 2562 2557 altera

313 2599 600 2676 Cburlee
632 2606 888 2686 uocata,
921 2598 1203 2667 filiorum
1225 2598 1585 2688 Benedicti,
1620 2619 1877 2668 necnon
1910 2607 1976 2667 et
2005 2599 2260 2669 litteras
2292 2595 2560 2684 Regias,

310 2726 516 2798 super
545 2709 795 2777 eisdem
827 2709 1363 2792 possessionibus
1405 2716 1769 2786 emanatas,
1805 2709 2041 2776 uestris
2075 2707 2433 2794 dignemini
2465 2706 2565 2774 lit-

312 2819 477 2886 teris
506 2817 1031 2904 priuilegialibus
1085 2818 1523 2907 confirmare3
1574 2817 1759 2885 aliud
1802 2818 2011 2887 nostri
2043 2819 2271 2904 gracia
2304 2837 2435 2884 non
2467 2815 2561 2886 fa-

312 2927 502 2994 cturi.
533 2925 775 2997 Datum
807 2926 874 2994 in
908 2926 1261 2994 Dominica
1287 2926 1551 2996 Jvdica.

531 3036 681 3123 Hijs
713 3036 938 3120 itaque
988 3037 1303 3121 perlectis
1334 3035 1511 3105 idem
1540 3036 1881 3107 Johannes
1930 3035 2180 3105 exibuit
2214 3032 2405 3102 nobis
2457 3032 2558 3098 lit·

309 3152 496 3212 teras
526 3144 981 3232 priuilegiales
1017 3144 1262 3212 domini
1294 3145 1621 3233 Ladizlay
1669 3144 2003 3230 quondam
2039 3142 2325 3211 Illustris
2356 3142 2559 3228 Regis

311 3254 628 3340 Vngarie,
661 3271 930 3337 quarum
963 3259 1154 3321 tenor
1187 3254 1345 3322 talis
1381 3262 1483 3322 est
1515 3277 1532 3320 z

528 3362 876 3431 [ladislaus
907 3363 1034 3429 Stb.
1085 3367 1447 3439 (kiivetkezik
1479 3369 1579 3427 IV.
1612 3366 1817 3425 Laszlo
1849 3368 2038 3442 kiraly
2076 3367 2331 3424 1274·ki
2363 3365 2559 3424 okma-

310 3498 447 3554 nya‚
479 3479 632 3552 mely
662 3475 953 3534 olvashat6
986 3476 1462 3551 Okmanytarunk
1491 3476 1594 3536 IV.
1626 3477 1937 3534 kiiteteben
1971 3478 2072 3533 39.
2106 3475 2169 3548 1.)

530 3580 848 3648 Perleotis
883 3580 1106 3664 itaque
1137 3578 1375 3647 litteris
1407 3579 1937 3666 priuilegialibus
1986 3580 2336 3663 diligenter
2364 3584 2432 3646 et
2464 3585 2557 3646 at·

314 3696 518 3775 teme,
552 3689 796 3759 nullam
829 3690 896 3756 in
928 3688 1175 3755 eisdem
1210 3688 1582 3757 inuenimus
1612 3708 1915 3757 rasuram
1945 3709 2068 3757 nec
2098 3690 2166 3755 in
2199 3688 2428 3772 aliqua
2456 3686 2560 3756 sui

295 3807 510 3886 ‘parte
544 3781 877 3866 uiciatam.
926 3795 1196 3864 Exibuit
1228 3797 1437 3866 eciam
1468 3797 1661 3864 nobis
1708 3796 1881 3865 idem
1911 3796 2255 3865 Johannes
2289 3803 2353 3865 et
2385 3796 2560 3865 alias

318 3910 576 3979 litteras
608 3911 914 3994 patentes
949 3903 1231 3989 predicti
1262 3904 1568 3974 Abrahee
1601 3904 1779 3972 Ruffi
1813 3904 2094 3975 Curialis
2128 3903 2397 3974 Comitis
2435 3906 2558 3973 Po·

298 4018 669 4104 seniensis,
705 4013 926 4102 sigillo
959 4013 1166 4099 ipsius
1200 4013 1553 4099 sigillatas,
1586 4014 1657 4081 in
1676 4016 1802 4083 hec
1834 4014 2078 4081 uerba:

529 4128 673 4196 Nos
704 4123 1037 4191 Abraham
1068 4121 1297 4188 Ruffus
1332 4126 1462 4192 stb.
1496 4126 1663 4201 (mint
1691 4127 1965 4185 fenntebb
2001 4129 2102 4184 92.
2135 4147 2212 4183 az.
2245 4124 2323 4199 a.)

531 4236 815 4316 Quarum
850 4232 1059 4301 eciam
1092 4238 1385 4300 tenorem
1440 4232 1794 4318 diligenter
1828 4228 2446 4316 circumspicientes,
2495 4238 2561 4298 et

297 4345 569 4415 *nullam
600 4346 672 4410 in
704 4342 953 4411 eisdem
983 4340 1422 4410 abolicionem
1441 4388 1461 4425 ,
1511 4358 1832 4423 rasuram,
1863 4339 1972 4405 uel
2002 4338 2270 4421 aliquod
2317 4338 2559 4407 uicium

319 4454 611 4542 reperire
641 4453 941 4523 ualentes
960 4500 981 4535 ‚
1004 4446 1465 4536 ,peticionibus
1497 4447 1705 4533 ipsius
1758 4446 1905 4513 Rufi
1935 4445 2244 4515 Abrahee
2277 4443 2557 4513 Ourialis

322 4562 597 4636 Comitis
630 4558 1060 4631 Posoniensis
1108 4563 1469 4626 annuentes
1489 4605 1507 4640 ‚
1540 4562 1829 4625 tenorem
1862 4547 1997 4625 tam
2046 4556 2312 4640 Regalis
2360 4555 2557 4641 priui-

313 4676 503 4762 legij,
536 4692 731 4759 quam
764 4671 973 4740 eciam
1023 4674 1322 4737 tenorem
1354 4667 1729 4753 patencium
1769 4664 2135 4735 litterarum
2184 4664 2391 4750 ipsius
2425 4666 2566 4733 Oo-

309 4784 500 4856 mitis
530 4784 752 4856 Abrae
783 4781 870 4850 de
899 4778 1101 4850 uerbo
1152 4778 1241 4851 ad
1273 4780 1539 4849 uerbum
1570 4779 1809 4848 nostris
1858 4776 2097 4846 litteris
2130 4775 2555 4865 priuilegiali-
