3416 5313
1352 435 1474 503 189

1257 521 1561 533 ——-—-—-—-——-

1325 1103 1484 1168 12⁶.

302 1304 487 1368 VIII.
518 1301 835 1388 Bomfdcz
852 1305 1039 1387 papa
1068 1302 1277 1367 Jdnos
1291 1302 1526 1386 jadrai
1543 1350 1560 1385 ,
1594 1303 1658 1366 έε
1687 1324 1729 1365 a
1758 1303 2088 1366 vdlasztott
2124 1302 2399 1388 spalatoi
2433 1304 2524 1366 έν-

287 1412 514 1478 seknek
543 1411 914 1498 meqhaqyja
930 1459 950 1490 ,
1001 1409 1158 1495 hoqy
1188 1430 1230 1470 a
1264 1408 1562 1473 sebenicoi
1577 1410 1860 1494 pilspb‘ki
1907 1411 2139 1495 ‘meyyet
2169 1408 2522 1474 rendezzelc.

1313 1516 1506 1581 1298.

507 1716 888 1793 Bonifacius
923 1718 1289 1803 Episcopus
1335 1734 1563 1782 seruus
1615 1734 1952 1785 seruorum
1983 1716 2110 1782 Dei
2162 1712 2529 1783 venerabili

292 1827 482 1895 fratri
518 1874 530 1888 .
567 1878 582 1893 .
617 1876 628 1888 .
664 1827 1180 1912 Archiepiscopo
1211 1824 1521 1893 Jadrensi
1541 1875 1560 1909 ,
1584 1831 1662 1891 «et
1692 1824 1934 1895 dilecto
1977 1826 2110 1893 filio
2145 1876 2162 1892 .
2197 1876 2214 1892 .
2246 1875 2262 1890 .
2296 1826 2529 1893 Electo

292 1936 675 2024 Spalatensi
744 1936 1025 2003 salutem
1079 1941 1144 1999 et
1193 1933 1642 2018 Apostolicam
1693 1934 2240 2004 benedictionem.
2300 1936 2527 2002 Sacro-

290 2050 522 2112 sancta
551 2044 846 2108 Romana
878 2043 1184 2109 Ecclesia
1235 2049 1611 2109 cunctorum
1645 2049 1855 2111 mater
1906 2041 2196 2111 fidelium
2233 2052 2297 2110 et
2328 2043 2531 2127 magi-

291 2160 449 2237 stra,
486 2170 613 2236 que
644 2171 927 2236 superne
963 2152 1405 2237 dispositionis
1438 2151 1705 2221 arbitrio
1739 2173 1939 2239 super
1974 2153 2316 2222 universas
2351 2151 2528 2222 orbis

292 2262 631 2328 Ecclesias
666 2259 962 2327 obtinere
993 2259 1355 2327 dinoscitur
1387 2258 1850 2346 principatum,
1887 2268 2169 2348 statum,
2220 2260 2531 2329 conditio-

292 2391 411 2439 nes
446 2377 510 2437 et
563 2370 917 2453 qualitates
969 2370 1258 2438 locorum
1292 2376 1356 2434 et
1404 2380 1767 2454 temporum
1818 2370 2095 2457 provida
2146 2371 2529 2454 circumspe-

295 2480 509 2546 ctione
543 2478 901 2545 discutiens
923 2527 939 2560 ,
974 2477 1292 2544 nonnulla
1327 2480 1613 2544 locorum
1650 2481 1972 2566 ipsorum,
2009 2500 2213 2549 causa
2242 2479 2531 2547 rationa-

292 2589 407 2658 bili
438 2587 794 2671 suadente,
843 2588 910 2653 in
944 2586 1249 2654 civitates
1284 2585 1614 2653 interdum
1649 2588 1842 2673 erigit
1875 2595 1938 2655 et
1971 2587 2390 2676 Episcopalis
2423 2589 2529 2655 de-

294 2706 476 2765 corat
507 2698 810 2784 insigniis
860 2695 1242 2782 dignitatis,
1302 2697 1525 2781 aliqua
1570 2717 1724 2765 vero
1779 2718 1861 2762 ex
1913 2717 2116 2766 causa
2164 2697 2532 2764 huiusmodi

294 2826 752 2892 nonnunquam
800 2804 1115 2890 predictis
1160 2804 1376 2893 privat
1430 2805 1776 2891 insigniis,
1830 2807 2119 2891 utrisque
2169 2806 2530 2875 retribuens

292 2918 479 2985 iuxta
525 2937 787 2984 suorum
841 2914 1237 3000 exigentiam
1292 2914 1683 2979 meritorum.
1738 2915 1955 2982 Habet
2008 2915 2330 2999 siquidem
2381 2914 2531 2983 fide·

293 3025 491 3109 digne
542 3022 886 3091 relationis
939 3021 1264 3107 assertio,
1315 3022 1489 3106 quod
1519 3024 1607 3090 ab
1638 3022 1792 3088 olim
1842 3023 2011 3089 inter
2064 3024 2241 3094 cives
2283 3023 2532 3110 Tragu-

292 3134 569 3212 rienses,
601 3141 665 3200 et
695 3131 988 3197 homines
1023 3132 1179 3197 ville
1211 3129 1675 3197 Sebenicensis
1695 3180 1715 3211 ,
1750 3131 1818 3196 in
1856 3133 2232 3217 Spalatensi
2264 3133 2530 3201 Provin-

292 3242 401 3310 cia
433 3241 820 3324 constitute,
872 3241 1093 3326 gravis
1131 3245 1194 3307 et
1227 3240 1602 3324 periculosa
1650 3239 1973 3309 dissensio
2008 3242 2227 3309 adhuc
2258 3242 2528 3325 durans,

292 3372 379 3419 ea
410 3350 758 3421 occasione
788 3350 1130 3435 potissime
1163 3348 1285 3416 fuit
1325 3356 1597 3429 exorta,
1648 3349 1822 3433 quod
1873 3351 2276 3418 venerabilis
2327 3354 2531 3421 frater

292 3512 307 3527 .
345 3509 362 3526 .
400 3509 414 3523 .
447 3458 909 3544 Traguriensis
942 3458 1310 3545 Episcopus
1361 3463 1426 3524 et
1460 3458 1636 3527 cives
1686 3458 2005 3543 predicti,
2056 3462 2284 3529 villam
2316 3461 2531 3549 ipsam

292 3569 542 3635 debere
572 3566 842 3635 subesse
874 3567 1291 3649 asserebant,
1327 3573 1393 3632 et
1426 3573 1732 3634 asserunt
1749 3565 2179 3653 Traguriensi
2213 3570 2528 3656 Ecclesie,

290 3695 375 3743 ac
405 3675 488 3742 de
519 3674 793 3743 Diocesi
823 3675 962 3743 eius
996 3693 1186 3740 esse:
1220 3672 1497 3759 prefatis
1530 3675 1901 3743 hominibus
1933 3676 2198 3746 firmiter
2230 3698 2529 3747 asseren-

291 3784 471 3851 tibus
504 3802 586 3849 ex
618 3781 917 3866 adverso,
954 3782 1318 3869 predictam
1351 3782 1576 3850 villam
1607 3803 1729 3852 nec
1771 3782 1977 3850 eidem
2015 3787 2378 3854 subiectam
2413 3788 2532 3855 Ec·

290 3892 515 3973 clesie,
550 3910 761 3974 neque
795 3889 875 3957 de
908 3885 1236 3975 (Diocesi)
1269 3889 1480 3973 ipsius
1512 3890 1652 3956 fore
1686 3891 1947 3975 dicunt,
2003 3896 2125 3962 sed
2155 3894 2282 3963 sibi
2312 3898 2530 3983 potius

289 4001 625 4088 proprium
657 3999 884 4067 deberi
903 4000 1320 4084 Episcopum,
1358 4018 1556 4082 seque
1588 4000 1934 4085 dignitatis
1956 4002 2369 4091 Episcopalis
2392 4005 2529 4073 fore

288 4108 484 4179 titulo
517 4109 980 4178 decorandam.
1031 4110 1173 4177 Nos
1204 4109 1402 4195 igitur
1433 4109 1522 4174 ad
1553 4130 1784 4194 pacem
1832 4112 2114 4182 fidelium
2147 4121 2213 4181 et
2244 4113 2528 4198 quietem

290 4228 575 4306 paterna
603 4218 1046 4287 sollicitudine
1077 4217 1499 4285 intendentes
1519 4270 1538 4304 ,
1591 4223 1657 4286 et
1686 4221 1985 4289 volentes
2016 4223 2361 4310 benignius
2394 4246 2526 4296 non

288 4324 549 4398 levibus
582 4328 941 4395 animarum
975 4333 1042 4394 et
1092 4348 1435 4414 corporum
1483 4328 1752 4395 obviare
1783 4332 2130 4417 periculis,
2183 4354 2307 4418 que
2358 4335 2528 4402 inter

293 4438 478 4507 cives
512 4444 576 4504 et
606 4436 904 4505 homines
940 4437 1356 4523 supradictos
1387 4448 1693 4525 possent,
1729 4448 1918 4524 prout
1957 4444 2294 4530 asseritur,
2327 4464 2525 4514 occa-

293 4550 482 4615 sione
512 4546 887 4614 huiusmodi
921 4548 1186 4614 evenire
1210 4600 1227 4630 ,
1278 4568 1357 4614 ac
1390 4547 1588 4616 etiam
1624 4548 1965 4616 carissime
2005 4551 2076 4618 in
2108 4552 2366 4622 Christo
2399 4551 2532 4621 filie

293 4663 519 4724 nostre
552 4657 776 4739 Marie,
812 4657 1134 4723 consortis
1168 4655 1492 4722 carissimi
1524 4655 1593 4721 in
1628 4655 1887 4727 Christo
1922 4656 2041 4725 filii
2073 4662 2282 4727 nostri
2315 4661 2533 4731 Caroli

291 4766 554 4833 Illusris
607 4766 803 4851 Regis
859 4765 1123 4851 Sicilie,
1175 4764 1422 4848 Regine
1458 4763 1745 4851 Ungarie
1779 4767 2065 4837 Illustris
2085 4817 2106 4852 ,
2157 4789 2278 4837 nec
2312 4789 2437 4837 non
2473 4779 2537 4841 et
