3416 5313
1874 1041 1978 1109 1³.

809 1239 936 1304 ΙΙΙ.
970 1237 1187 1303 Εηᾶνε
1214 1238 1428 1326 kirdly
1459 1261 1499 1301 a
1538 1239 1906 1305 deza-alenai
1935 1241 2250 1328 venddqek
2287 1242 2620 1307 ke'relme'rc
2649 1246 2786 1331 re‘qi
2814 1243 3037 1309 kivdlt-

809 1347 1120 1434 sdqaikat,
1152 1349 1391 1413 miutdn
1426 1348 1543 1413 IV.
1577 1348 1740 1414 Βέῖα
1775 1352 1836 1414 c's
1881 1350 1951 1415 V.
1984 1351 2295 1415 Istvdnto'l
2323 1352 2541 1439 kapott
2568 1351 3036 1439 kivdltsciqlcve-

806 1455 987 1520 lez'lcet
1016 1454 1135 1519 IV.
1169 1455 1399 1521 Ldszld
1425 1457 1708 1522 Icorciban
1738 1481 1780 1521 a
1821 1458 2073 1522 tatdrok
2107 1458 2570 1545 elpusztitottdk
2589 1511 2607 1544 ,
2660 1464 2736 1547 ‘cij
2764 1459 3038 1525 alakban

1461 1566 1742 1631 Iciadvdn
1771 1567 2138 1653 meyer-&sita
2161 1569 2368 1657 1291.

1042 1784 1338 1851 Andreas
1399 1783 1527 1850 Dei
1589 1782 1811 1869 gracia
1859 1783 2195 1871 Hungarie
2216 1836 2234 1871 ,
2296 1785 2642 1853 Dalmacie
2661 1835 2679 1869 ,
2742 1787 3034 1869 Croacie,

800 1892 1023 1975 Rame,
1047 1893 1295 1977 Seruie,
1317 1892 1620 1973 Gallicie,
1664 1892 2067 1979 Lodomerie,
2092 1895 2405 1961 Cumanic
2425 1945 2443 1978 ,
2483 1896 3034 1989 Bulgarorumque

798 1999 942 2064 Rex
972 2001 1273 2069 omnibus
1308 2000 1548 2070 Christi
1602 1999 1903 2070 fidelibus
1953 2008 2295 2087 presentes
2331 2002 2588 2071 litteras
2637 2003 3033 2087 inspecturis

801 2111 1079 2175 salutem
1100 2112 1169 2176 in
1189 2109 1470 2176 omnium
1490 2110 1837 2177 saluatore.
1871 2111 1973 2177 Ad
1995 2110 2270 2195 Regiam
2290 2113 2573 2197 pertinet
2594 2111 3031 2195 Maiestatem,

800 2216 1106 2301 precibus
1142 2217 1669 2285 condescendere
1701 2219 2122 2304 subditorum,
2154 2225 2226 2287 ut
2253 2238 2554 2286 numerus
2606 2218 2891 2287 fidelium
2924 2241 3031 2288 au-

797 2334 1050 2413 geatur,
1085 2334 1151 2393 et
1186 2329 1458 2412 Regalis
1489 2327 1802 2413 potencia
1832 2327 2042 2396 lacius
2077 2327 2469 2395 extendatur
2490 2379 2508 2413 ,
2537 2346 2677 2393 cum
2719 2328 2920 2414 Regis
2948 2330 3032 2396 sit

797 2434 1133 2520 proprium
1164 2437 1234 2504 in
1287 2436 1956 2523 multitudinepopuli
1993 2436 2283 2520 gloriari.
2318 2436 2604 2506 Proinde
2655 2434 2739 2501 ad
2777 2439 3033 2505 vniuer·

799 2560 1015 2610 sorum
1045 2552 1181 2611 tam
1212 2546 1627 2631 presencium
1651 2564 1845 2627 quam
1870 2546 2232 2615 futurorum
2252 2547 2560 2613 noticiam
2594 2546 2822 2612 harum
2861 2546 3029 2614 serie

795 2652 1099 2720 uolumus
1130 2655 1498 2741 peruenire,
1536 2655 1708 2739 quod
1732 2654 2027 2740 hospites
2050 2656 2253 2724 nostri
2285 2654 2368 2721 de
2392 2654 2730 2741 Desakna,
2765 2658 2851 2724 ad
2886 2677 3029 2724 nos-

797 2766 966 2828 tram
1015 2765 1408 2832 accedentes
1460 2765 1872 2849 presenciam
1925 2764 2119 2832 nobis
2188 2765 2566 2847 significare
2619 2771 3027 2847 curauerunt,

798 2871 972 2954 quod
990 2872 1340 2958 priuilegia
1362 2873 1607 2939 domini
1627 2873 1810 2958 Bele,
1832 2871 2047 2940 felicis
2069 2873 2575 2961 recordacionis,
2600 2880 2666 2940 ct
2687 2875 3026 2959 Stephani,

795 2979 1020 3047 inclite
1052 2983 1377 3067 memorie,
1428 2982 1680 3069 Regum
1711 2982 2069 3050 Illustrium
2106 2981 2463 3067 Hungarie,
2501 3003 2693 3069 super
2723 2984 3027 3050 libertate

796 3110 1018 3158 eorum
1070 3092 1367 3159 confecta
1417 3112 1535 3178 per
1586 3093 1868 3159 insultus
1913 3093 2334 3160 Tartarorum
2386 3100 2677 3179 tempore
2732 3091 3027 3158 Ladizlai

794 3201 996 3283 Regis
1031 3199 1292 3284 perdita
1313 3197 1592 3267 fuissent
1626 3205 1689 3263 et
1730 3200 1991 3267 amissa.
2013 3199 2270 3267 'Verum
2293 3222 2437 3266 cum
2470 3221 2589 3269 nos
2613 3201 2832 3269 verbis
2856 3200 3026 3285 ipso·

793 3330 931 3376 rum
965 3309 1294 3394 hospitum
1325 3315 1690 3377 nostrorum
1726 3309 1794 3375 in
1827 3311 1952 3378 hac
1985 3317 2176 3394 parte
2208 3308 2401 3378 fidem
2439 3309 2774 3376 credulam
2807 3309 3025 3375 nolen-

793 3427 893 3484 tes
925 3414 1240 3484 adhibere
1262 3467 1277 3496 ‚
1312 3422 1380 3484 et
1412 3414 1582 3482 scire
1619 3415 1916 3484 uolentes
1953 3418 2394 3487 omnimodam
2427 3418 2772 3484 ueritatem
2802 3417 2871 3483 in
2902 3414 3025 3482 hoc

791 3526 987 3606 facto,
1021 3523 1326 3591 fidelibus
1358 3526 1598 3591 nostris
1631 3526 1996 3592 venerabili
2028 3527 2200 3610 patri
2231 3528 2424 3594 Petro
2456 3525 2581 3593 Dei
2613 3526 2839 3611 gracia
2869 3524 3022 3608 Epi-

792 3654 990 3718 scopo
1036 3633 1345 3699 Albensis
1400 3633 1698 3700 Ecclesie
1733 3633 2353 3701 Transsiluanensis
2406 3640 2470 3700 et
2503 3631 2807 3717 Capitulo
2859 3633 3022 3699 eius-

793 3742 939 3809 dem
973 3740 1276 3810 dedimus
1308 3741 1376 3808 in
1411 3742 1784 3822 mandatis,
1818 3750 1889 3811 ut
1920 3761 2114 3828 super
2146 3744 2470 3830 premisso
2504 3742 2818 3827 negocio,
2869 3740 3021 3808 dili-

791 3851 971 3937 genti
1002 3849 1432 3933 inquisicione
1464 3850 1645 3918 facta
1665 3900 1682 3933 ‚
1739 3853 1981 3918 scirent
2012 3872 2054 3918 a
2088 3851 2325 3935 quibus
2362 3850 2550 3918 decet
2583 3851 3019 3918 omnimodam

732 3994 736 4002 ·
790 3959 1174 4044 ueritatem,
1227 3968 1292 4025 et
1329 3966 1522 4046 prout
1567 3961 1728 4045 ipsis
1778 3962 2026 4028 ueritas
2079 3968 2446 4044 constaret,
2480 3959 2670 4027 nobis
2717 3957 2848 4025 fide
2881 3960 3022 4024 Deo

790 4068 1010 4135 debita
1039 4070 1513 4136 remandarent.
1549 4068 1671 4147 Qui
1707 4070 1967 4153 quidem
2005 4069 2404 4137 venerabilis
2437 4075 2626 4156 pater
2660 4074 2727 4133 et
2759 4066 3020 4151 Capitu-

789 4179 919 4244 lum
955 4178 1251 4244 eiusdem
1273 4227 1291 4262 ,
1340 4176 1534 4246 nobis
1569 4199 1687 4263 per
1719 4179 1978 4247 litteras
2012 4179 2363 4246 eorundem
2413 4179 2919 4258 remandarunt,
2953 4186 3022 4239 ut

790 4287 1050 4370 quando
1098 4284 1352 4372 perfida
1388 4306 1549 4369 gens
1578 4286 1945 4366 Tartarica,
1980 4307 2123 4354 cum
2166 4287 2343 4353 omni
2375 4285 2619 4352 milicia
2651 4303 2866 4377 eorum
2899 4285 3021 4349 Re-

788 4414 985 4479 gnum
1003 4396 1338 4481 Hungarie
1371 4395 1692 4481 adierant,
1713 4395 2064 4484 priuilegia
2096 4394 2344 4462 domini
2375 4394 2558 4480 Bele,
2591 4401 2657 4460 et
2677 4391 3017 4479 Stephani,

788 4504 1040 4587 Regum
1072 4506 1454 4588 Illustrium,
1477 4524 1674 4591 super
1724 4506 2027 4573 libertate
2051 4524 2270 4572 eorum
2307 4504 2612 4571 confecta
2651 4501 3021 4568 amisissent

788 4614 1087 4698 hospites
1120 4615 1323 4682 nostri
1352 4614 1714 4682 memorati.
1753 4615 1894 4682 Nos
1927 4604 2149 4696 itaque
2181 4612 2264 4681 de
2303 4611 2758 4680 munificencia
2775 4608 3023 4694 Regali

787 4726 1386 4815 supplicacionibus
1437 4724 1767 4810 hospitum
1821 4728 2190 4792 nostrorum
2240 4721 2322 4791 de
2355 4721 2674 4790 Desakna
2729 4718 2913 4786 iustis
2948 4724 3015 4784 et
