3416 5313
1848 409 1978 476 226

1800 1040 1950 1110 149.

772 1243 833 1310 A
864 1241 1137 1310 Losoncz
1154 1239 1443 1328 fisldebdl
1473 1241 2040 1306 lculb‘nszakasztott
2090 1249 2153 1304 δέ
2201 1240 2539 1305 birtokrc'sz
2592 1242 2767 1305 ircim
2820 1240 3028 1328 perle-

769 1352 988 1438 lemme,
1024 1374 1091 1417 ez
1121 1350 1406 1435 o‘rb‘kseqi
1437 1354 1640 1435 joyon
1694 1348 1965 1434 meyitdlt
2018 1357 2080 1412 δι
2110 1348 2481 1412 birtokre'szt
2514 1369 2554 1407 a
2595 1349 2770 1410 vciczi
2799 1348 3030 1432 kdpta-

870 1458 981 1522 lan
1013 1455 1156 1522 elb'tt
1185 1455 1368 1519 Biter
1381 1454 1639 1540 fiainak
1674 1455 1940 1540 enyedik
1973 1456 2034 1518 63
2065 1454 2359 1520 hatdrait
2397 1453 2706 1540 kzjjelmik.
2741 1454 2935 1517 1299.

987 1654 1364 1740 Capitulum
1399 1651 1700 1719 Ecclesie
1753 1651 2126 1720 Waciensis
2180 1653 2485 1719 omnibus
2526 1649 2771 1718 Christi
2819 1649 3027 1716 fideli-

769 1761 889 1829 bus
921 1768 1057 1830 tam
1089 1760 1504 1849 presentibus
1557 1780 1752 1842 quam
1785 1759 2019 1827 futuris
2052 1760 2467 1846 presencium
2503 1759 2815 1825 noticiam
2847 1758 3028 1825 habi-

766 1869 929 1936 turis
961 1871 1240 1938 salutem
1295 1869 1365 1934 in
1418 1868 1699 1933 Domino
1753 1868 2241 1953 sempiternam.
2290 1860 2747 1933 Vniuersorum
2800 1871 3026 1935 tenore

765 1978 1175 2064 presencium
1208 1975 1438 2042 harum
1489 1975 1661 2043 serie
1695 1977 2137 2061 declaramus,
2175 1975 2346 2059 quod
2380 1975 2616 2042 Comes
2649 1975 3023 2042 Hermanus

766 2086 938 2154 filius
971 2085 1220 2174 Heym‚
1275 2082 1578 2152 officialis
1627 2083 1909 2170 Nicolay
1943 2091 2007 2150 et
2056 2084 2384 2153 Johannis
2418 2082 2697 2150 filiorum
2740 2083 3021 2152 Comitis

764 2194 986 2280 Byter,
1024 2200 1163 2257 cu‘m
1195 2191 1431 2259 litteris
1482 2191 1726 2258 nostris
1761 2192 2231 2276 procuratoriis
2263 2213 2382 2277 pro
2435 2190 2682 2257 eisdem
2736 2191 3023 2260 dominis

763 2299 901 2368 suis
932 2299 1017 2365 ab
1047 2320 1179 2367 vna
1211 2290 1398 2385 parte
1418 2352 1436 2385 ‚
1472 2307 1538 2366 et
1575 2300 1951 2367 Demetrius
1984 2299 2156 2367 filius
2189 2300 2500 2385 Farkasij
2538 2320 2656 2384 pro
2692 2319 2766 2365 se
2803 2307 2871 2367 et
2901 2317 3020 2383 pro

763 2408 1007 2476 Mochk
1037 2408 1239 2474 fratre
1271 2426 1407 2483 suo,
1458 2427 1537 2474 ac
1569 2429 1687 2495 pro
1723 2410 1916 2475 Petro
1952 2416 2016 2474 et
2052 2408 2335 2476 Nicolao
2366 2407 2521 2494 filijs
2555 2409 2777 2490 Perse,
2810 2406 3025 2474 fratri-

758 2515 883 2583 bus
915 2515 1052 2583 suis
1083 2518 1514 2600 patruelibus,
1551 2537 1674 2584 nec
1706 2537 1836 2583 non
1873 2518 2197 2602 Georgius
2234 2515 2406 2583 filius
2439 2518 2641 2583 Perse
2674 2536 2792 2600 pro
2828 2536 2904 2586 se
2928 2516 3019 2584 si-

762 2624 1000 2692 militer
1023 2643 1169 2692 cum
1191 2626 1426 2694 litteris
1450 2625 1688 2694 nostris
1711 2625 2173 2711 procuratoriis
2209 2644 2291 2691 ex
2311 2625 2542 2709 altera,
2577 2643 2792 2692 coram
2825 2624 3021 2693 nobis

759 2733 1202 2817 personaliter
1221 2734 1554 2801 constituti
1561 2739 1872 2820 ‚relatum
1894 2734 2151 2803 exstitit
2172 2734 2578 2802 concorditer
2598 2753 2715 2819 per
2727 2732 3017 2818 eosdem;

759 2841 933 2925 quod
982 2863 1128 2911 cum
1180 2862 1378 2931 super
1411 2843 1699 2929 quinque
1751 2845 2051 2929 partibus
2106 2863 2224 2911 seu
2256 2843 2676 2927 porcionibus
2728 2849 2900 2909 terre
2935 2843 3020 2909 de

755 2959 933 3020 terra
962 2951 1190 3038 Tema,
1226 2971 1388 3035 quas
1424 2954 1712 3039 quinque
1761 2954 2105 3041 porciones
2140 2960 2458 3020 terrarum
2511 2951 2725 3018 dictus
2777 2951 3016 3019 Comes

755 3059 1124 3128 Hermanus
1149 3062 1410 3128 nomine
1446 3061 1728 3128 filiorum
1763 3061 2037 3130 Comitis
2072 3064 2277 3149 Byter
2309 3059 2710 3127 dominorum
2746 3078 3015 3126 suorum

755 3170 838 3236 de
869 3174 1044 3235 terra
1077 3167 1386 3236 Lusunch
1438 3175 1777 3236 extractas
1811 3190 1959 3239 esse
1993 3169 2178 3253 dixit,
2216 3176 2283 3235 et
2321 3169 2631 3236 Lusunch
2663 3166 3012 3251 appellari,

754 3277 977 3361 grauis
1010 3277 1287 3342 materia
1319 3277 1675 3361 iurgiorum
1701 3296 1821 3344 seu
1858 3277 2079 3345 licium
2113 3283 2343 3344 exorta
2372 3276 2603 3343 fuisset
2620 3275 2789 3368 inter
2807 3275 3011 3360 ipsos,

756 3393 822 3451 et
854 3385 1074 3451 multis
1126 3390 1490 3469 temporum
1542 3385 1881 3454 curriculis
1933 3385 2275 3469 ventilata,
2324 3402 2524 3470 super
2554 3384 2790 3466 quibus
2825 3382 3011 3465 quin-

752 3513 879 3580 que
927 3492 1350 3578 porcionibus
1401 3495 1468 3560 in
1522 3493 1777 3561 octauis
1828 3493 2020 3562 Beati
2075 3491 2347 3575 Georgij
2388 3491 2679 3558 martiris
2730 3491 3011 3573 predicti

745 3601 863 3687 filij
900 3600 1172 3668 Comitis
1205 3604 1411 3688 Byter
1444 3621 1670 3669 coram
1702 3600 1909 3685 nobis,
1945 3608 2011 3667 et
2063 3599 2303 3686 prefati
2335 3598 2453 3683 filij
2493 3598 2802 3682 Farkasij
2838 3606 2907 3668 et
2937 3601 3009 3667 fi-

745 3707 816 3793 lij
851 3703 1062 3777 Perse
1083 3731 1302 3778 coram
1358 3710 1659 3797 Capitulo
1687 3711 1993 3795 Agriensi
2027 3709 2288 3777 nomine
2320 3708 2808 3792 possessionum
2856 3726 3006 3776 sua·

744 3838 884 3884 rum
918 3818 1472 3887 hereditariarum
1495 3823 1725 3886 contra
1756 3817 2040 3884 inuicem
2066 3824 2273 3885 testes
2306 3815 2777 3901 produxerunt,
2812 3820 2877 3881 et
2909 3816 3006 3885 fa-

748 3930 853 3991 cta
884 3924 1331 4009 produccione
1361 3927 1623 3993 testium
1658 3927 2075 3993 mencionate
2116 3925 2463 4011 pecierunt
2497 3943 2713 3991 coram
2749 3923 3005 3992 Comite

743 4034 1085 4117 Stephano
1120 4032 1542 4101 Vice-Judice
1593 4033 1788 4101 Curie
1842 4035 2090 4103 domini
2118 4036 2320 4118 Regis
2363 4040 2861 4119 comparentes,
2915 4033 3001 4100 de

742 4140 1172 4226 permissione
1206 4142 1501 4210 eiusdem
1518 4145 1562 4211 J
1571 4141 1775 4210 udicis
1807 4164 1925 4229 per
1950 4144 2292 4211 arbitrium
2327 4144 2673 4233 proborum
2717 4142 2999 4210 virorum

740 4268 937 4332 super
969 4247 1148 4319 facto
1182 4250 1471 4335 ipsarum
1513 4250 1802 4336 quinque
1834 4253 2212 4336 porcionum
2245 4260 2437 4337 terre,
2475 4251 2699 4320 taliter
2733 4270 2997 4319 concor-

740 4358 969 4427 datum
1004 4359 1326 4428 extitisset
1377 4360 1549 4427 inter
1581 4368 1819 4445 partes,
1852 4362 2023 4429 sicut
2062 4362 2275 4430 eciam
2309 4361 2375 4428 id
2409 4359 2475 4426 in
2508 4359 2750 4429 litteris
2785 4360 2996 4446 ipsius

740 4465 1014 4535 Comitis
1046 4467 1368 4553 Stephani
1399 4468 1849 4538 Vice-Judicis
1885 4470 2083 4539 Ourie
2106 4469 2352 4537 domini
2392 4470 2594 4553 Regis
2628 4489 2820 4554 super
2852 4470 2998 4556 ipso

736 4574 913 4641 facto
947 4576 1270 4642 emanatis
1312 4595 1628 4660 expresse
1673 4576 1957 4646 uidimus
1991 4579 2347 4648 contineri:
2384 4577 2574 4656 Quod
2606 4578 2663 4643 si
2694 4576 2856 4646 dicti
2884 4578 2997 4645 Ni-

736 4681 960 4750 colaus
993 4687 1060 4749 et
1110 4683 1449 4752 Johannes
1484 4682 1598 4767 filij
1635 4683 1912 4755 Comitis
1954 4689 2179 4774 Byter,
2214 4708 2358 4756 cum
2393 4685 2716 4774 Dyonisio
2748 4686 2997 4772 Magno
