3416 5313
1426 373 1554 440 125

1421 1075 1528 1142 ¹28.

365 1288 547 1356 VIII.
580 1286 895 1374 Bonifdez
914 1292 1101 1374 pdpa
1153 1289 1386 1354 Milolo's
1416 1288 1953 1376 sze'kesfehervdvd
1982 1290 2333 1355 kanouokot
2374 1292 2593 1357 ldtszd-

351 1397 529 1481 laqos
577 1393 1162 1481 szabdlytalansdqa
1216 1394 1348 1459 αἰόί
1366 1393 1772 1481 felmentve'n,
1806 1398 2180 1486 meqenyedi,
2223 1400 2380 1487 hoqy
2396 1404 2588 1487 java-

970 1503 1214 1569 dalmdt
1243 1504 1716 1591 meqtartkassa.
1767 1508 1962 1572 1295.

560 1736 933 1805 Bonifacius
967 1738 1335 1824 Episcopus
1384 1758 1616 1808 seruus
1650 1759 1979 1807 seruorum
2017 1742 2141 1808 Dei
2174 1742 2412 1810 dilecto
2443 1742 2577 1812 filis

343 1846 623 1915 Nicolao
653 1847 920 1930 Ungaro
942 1895 960 1928 ,
996 1846 1324 1913 Canonico
1374 1847 1677 1916 Ecclesie
1720 1850 2025 1917 Albensis
2076 1850 2581 1938 Vesprimiensis

343 1955 644 2022 Diocesis
675 1955 957 2022 salutem
989 1960 1055 2022 et
1085 1957 1536 2041 Apostolicam
1568 1958 2118 2026 benedictionem.
2153 1960 2449 2046 Benigne
2472 1981 2581 2047 pe-

345 2066 614 2132 titiones
645 2064 800 2131 illas
834 2063 1113 2132 libenter
1145 2063 1554 2130 admittimus
1575 2114 1593 2146 ,
1647 2084 1776 2147 que
1807 2065 1898 2131 ad
1927 2066 2212 2148 quietem
2248 2086 2586 2152 corporum

344 2184 411 2243 et
443 2175 724 2241 salutem
755 2174 1083 2259 pertinent
1133 2172 1517 2239 animarum.
1554 2173 1729 2239 Sane
1769 2173 2001 2259 petitio
2036 2181 2151 2241 tua
2182 2175 2373 2242 nobis
2406 2176 2587 2243 exhi-

344 2285 479 2350 bita
506 2282 904 2368 continebat,
931 2280 1104 2365 quod
1139 2300 1281 2348 cum
1304 2282 1457 2347 olim
1479 2282 1761 2365 quedam
1813 2283 2065 2370 mulier,
2099 2284 2302 2350 vitam
2335 2284 2585 2352 ducens

340 2392 605 2481 publice
637 2391 1045 2473 dissolutam,
1068 2389 1396 2457 diabolico
1428 2390 1659 2475 spiritu
1692 2398 2044 2477 concitata,
2070 2399 2137 2461 te
2166 2395 2343 2477 apud
2375 2395 2576 2460 bonos

344 2510 408 2569 et
440 2519 680 2587 graves
712 2519 908 2585 snper
945 2499 1223 2566 diversis
1257 2498 1657 2586 criminibus,
1680 2500 1918 2583 quibus
1952 2506 2018 2567 te
2051 2500 2373 2569 irretitum
2407 2522 2582 2571 men-

342 2611 595 2679 daciter
645 2609 1029 2696 asserebat,
1083 2609 1329 2696 pluries
1385 2607 1835 2695 diffamasset3
1887 2611 2152 2680 tandem
2205 2631 2347 2679 cum
2402 2610 2581 2679 dicta

348 2722 591 2788 mulier·
609 2729 833 2789 contra
852 2728 919 2788 te
936 2719 1003 2786 in
1027 2720 1491 2786 contumeliosa
1515 2726 1582 2785 et
1603 2719 2037 2804 obprobriosa
2067 2722 2273 2788 verba
2292 2739 2582 2806 prorum·

344 2834 552 2914 peret,
588 2833 654 2894 et
683 2847 726 2894 a
772 2833 837 2895 te
867 2827 1114 2912 pluries
1149 2825 1492 2893 caritative
1525 2826 1791 2911 monita,
1835 2832 1904 2891 ut
1933 2830 2019 2895 ab
2051 2826 2179 2894 hiis
2214 2827 2585 2912 desisteret,

342 2952 421 3001 ac
451 2934 525 3001 id
567 2932 789 3000 facere
838 2953 970 2999 non
1008 2933 1318 3016 deberet,
1351 2931 1618 3016 quidam
1653 2932 1848 2997 amici
1881 2934 1995 3020 tui,
2029 2942 2437 3017 nequeuntes
2468 2932 2584 2999 hu-

341 3042 621 3109 iusmodi
651 3041 859 3127 ipsius
891 3040 1185 3107 mulieris
1220 3040 1684 3123 loquacitatem
1720 3048 1786 3106 et
1808 3042 2162 3125 nequitiam
2187 3042 2584 3129 substinere,

339 3150 552 3238 ipsam
574 3150 642 3218 in
662 3151 857 3218 dorso
890 3149 1143 3234 absque
1176 3148 1516 3234 sanguinis
1554 3148 1870 3216 effusione
1911 3152 2017 3217 vel
2037 3150 2358 3219 fractione
2388 3171 2583 3220 mem-

292 3283 295 3286 ·
337 3259 616 3342 brorum,
648 3265 715 3325 te
745 3262 1073 3345 presente,
1106 3278 1237 3325 non
1270 3264 1493 3325 tamen
1525 3257 2040 3342 contradicente,
2074 3276 2222 3323 cum
2251 3258 2492 3325 baculo
2516 3264 2583 3325 et

336 3367 614 3435 fustibus
633 3418 654 3450 ,
706 3367 965 3436 levibus
996 3374 1217 3437 tamen
1269 3375 1335 3434 et
1385 3367 1737 3435 subtilibus
1757 3416 1776 3450 ,
1828 3367 2269 3435 verberarunt.
2336 3371 2577 3438 Verum

235 3543 239 3547 .
340 3476 497 3561 quia
527 3478 759 3545 mulier
790 3477 937 3566 ipsa
983 3486 1137 3565 post
1166 3476 1490 3544 modicum
1521 3480 1835 3564 temporis
1868 3478 2156 3563 spatium
2194 3477 2578 3564 exspiravit,

338 3593 409 3653 tu
441 3586 771 3666 dubitans,
804 3607 887 3654 ne
906 3593 1175 3673 propter
1206 3587 1622 3653 occasionem
1650 3585 1999 3652 verberum
2033 3586 2164 3653 sibi
2190 3587 2411 3654 taliter
2438 3588 2579 3652 illa-

339 3701 550 3761 torum
583 3694 857 3778 obiret,
884 3702 949 3761 et
999 3712 1081 3759 ex
1110 3692 1235 3759 hoc
1286 3693 1537 3762 habens
1580 3693 2049 3762 eonscientiam
2081 3692 2577 3781 remordentem,

338 3803 529 3870 nobis
559 3803 891 3872 humiliter
921 3801 1333 3888 supplicasti,
1357 3810 1427 3870 ut
1461 3803 1632 3869 circa
1662 3803 2097 3870 retentionem
2140 3804 2580 3872 Canonicatus

336 3921 402 3980 et
432 3910 805 3999 prebende,
857 3929 1020 3996 quos
1068 3910 1138 3977 in
1172 3909 1470 3995 predicta
1520 3910 1823 3978 Ecclesia
1856 3912 2129 3980 Albensi
2163 3911 2460 3980 obtinere
2511 3921 2576 3980 te

333 4020 604 4107 asseris,
643 4018 991 4106 providere
1019 4018 1138 4084 tibi
1172 4039 1287 4103 per
1318 4026 1630 4106 oportune
1668 4019 2186 4105 dispensationis
2219 4019 2573 4088 remedium

337 4149 422 4197 ex
453 4130 863 4216 benignitate
918 4127 1301 4214 Apostolica
1352 4126 1788 4213 dignaremur.
1841 4130 1979 4197 Nos
2013 4130 2238 4211 itaque
2268 4130 2397 4197 tuis
2429 4146 2576 4214 sup-

335 4236 799 4327 plicationibus
861 4236 1192 4319 inclinati,
1266 4236 1468 4319 quieti
1516 4245 1627 4303 tue
1690 4238 1756 4300 in
1805 4236 1934 4303 hac
1986 4245 2172 4321 parte
2235 4238 2578 4325 providere

337 4347 631 4416 volentes
659 4394 676 4428 ,
727 4354 979 4429 tecum,
1050 4345 1224 4427 quod
1274 4344 1612 4430 premissis
1683 4364 2105 4436 nequaqnam
2166 4343 2575 4416 obstantibus
2609 4328 2626 4338 ’

341 4453 669 4542 predictos
732 4446 1207 4521 canonicatum
1256 4461 1321 4519 et
1384 4451 1782 4538 prebendam
1844 4452 2023 4520 licite
2084 4450 2362 4519 retinere
2424 4472 2575 4538 pos-

340 4566 471 4648 sis,
537 4561 932 4630 auctoritate
991 4561 1391 4645 presentium
1454 4561 1932 4647 dispensamus.
2000 4561 2179 4628 Nulli
2236 4579 2393 4646 ergo
2449 4567 2575 4629 etc.

338 4678 557 4740 nostre
638 4670 1151 4755 dispensationis
1212 4676 1332 4738 etc.
1427 4670 1661 4736 Datum
1730 4671 1930 4737 Rome
2009 4668 2185 4753 apud
2261 4668 2570 4737 Sanctum
