3416 5313
1869 387 2005 458 264

793 594 1074 673 quatuor
1103 586 1281 655 mille
1330 586 1536 656 libras
1578 588 1843 656 solvere
1873 585 2181 673 deberet,
2233 593 2300 655 et
2336 586 2486 673 ipse
2517 608 2637 658 eas
2674 586 2885 676 (nunc
2916 590 3045 657 sol«

792 692 1049 782 veret);
1081 695 1200 763 sed
1234 693 1506 762 dicebat
1538 701 1607 761 et
1637 694 1804 762 dixit
1834 695 2102 781 pluries,
2146 700 2212 762 et
2242 697 2587 766 multocies
2622 698 3049 783 presentibus

792 803 985 872 dictis
1016 801 1262 891 Luysio
1296 808 1365 869 et
1396 800 1689 889 Turcbo,
1725 800 1902 887 quod
1933 801 2356 869 medietatem
2387 801 2569 871 illius
2600 823 2770 890 pecu
2785 804 2894 870 nie
2925 804 3056 871 sol·

793 918 984 983 veret
1010 912 1083 979 in
1130 911 1303 981 festo
1334 911 1537 979 Beati
1567 908 1877 996 Martini,
1928 917 1994 980 et
2041 909 2246 980 aliam
2276 907 2698 979 medietatem
2757 910 2828 978 in
2879 911 3053 979 festo

798 1018 1332 1089 circumcisionis
1379 1017 1681 1107 Domini;
1736 1037 1857 1084 nec
1906 1037 2190 1102 unquam
2237 1017 2423 1087 aliud
2470 1019 2557 1086 ab
2608 1018 2752 1104 ipso
2802 1018 3053 1088 habere

795 1126 1163 1216 potuimus,
1218 1132 1287 1191 et
1315 1124 1441 1194 boc
1491 1124 1621 1210 ipsi
1652 1126 1824 1192 bene
1857 1125 2091 1192 sciunt.
2141 1125 2382 1193 Verum
2414 1131 2551 1213 est,
2588 1126 2763 1210 quod
2798 1126 2869 1193 in
2898 1123 3052 1214 fine,

798 1235 1064 1320 quando
1096 1254 1221 1320 ego
1254 1235 1505 1302 rece'ssi
1537 1236 1623 1304 ab
1655 1254 1758 1319 eo,
1792 1242 1853 1301 et
1886 1253 2008 1317 ego
2040 1233 2358 1300 instarem
2381 1239 2443 1299 et
2473 1252 2782 1321 rogarem
2805 1234 3051 1320 ipsum,

796 1343 973 1430 quod
1003 1342 1147 1427 ipse
1178 1340 1466 1409 solveret
1515 1341 1759 1408 dictam
1793 1340 2157 1427 pecuniam,
2207 1338 2497 1428 (dixerit,
2530 1341 2713 1424 quod
2745 1340 3051 1410 dominus

796 1450 951 1516 Dux
1002 1448 1165 1516 nolit
1213 1467 1364 1514 esse
1412 1445 1788 1533 solicitus);
1837 1449 1993 1531 quia
2043 1449 2103 1514 si
2151 1448 2490 1530 negocium
2553 1448 2870 1536 Episcopi
2918 1467 3051 1517 non

801 1555 1227 1642 expediatur,
1280 1551 1405 1639 ego
1441 1554 1765 1624 ordinabo
1786 1604 1803 1637 ‚
1854 1555 2030 1639 quod
2063 1553 2145 1621 de
2175 1555 2355 1622 dicta
2385 1557 2673 1642 pecunia
2711 1558 3048 1642 solvatur3

799 1686 928 1736 non
961 1665 1139 1750 quod
1174 1664 1419 1732 dixerit
1449 1664 1647 1751 mihi,
1698 1664 1876 1749 quod
1906 1664 2091 1735 vobis
2126 1663 2373 1753 darem,
2407 1686 2530 1734 nec
2562 1667 2740 1751 quod
2773 1686 2891 1735 eas
2925 1668 3053 1734 sol·

794 1795 1036 1855 vetem,
1094 1780 1159 1841 et
1190 1775 1395 1840 multo
1430 1773 1772 1841 lubencius
1808 1793 1932 1861 ego
1965 1773 2300 1843 dedissem
2350 1793 2496 1841 eam
2530 1773 2791 1844 domino
2826 1773 3050 1860 (Duci,

798 1880 1022 1969 quam)
1056 1881 1233 1950 dicto
1266 1882 1533 1949 domino
1569 1880 1763 1949 fratri
1794 1881 2124 1967 Antoni0,
2177 1882 2234 1951 si
2269 1882 2354 1949 ab
2388 1881 2533 1968 ipso
2573 1881 2837 1950 domino
2869 1885 3053 1970 Rege

796 1991 1172 2060 habuissem
1224 1990 1294 2057 in
1349 1992 1722 2075 mandatis3
1775 1991 1898 2058 sed
1948 1989 2073 2060 feci
2096 2040 2113 2074 ‚
2167 1991 2343 2075 quod
2396 1990 2556 2057 mihi
2608 1991 2937 2060 commisit
2990 2000 3056 2057 et

797 2100 1178 2187 mandavit,
1231 2108 1298 2167 et
1330 2101 1426 2168 ita
1460 2101 1600 2168 dixi
1635 2100 2196 2171 dominacionibus
2230 2101 2426 2169 dictis
2447 2150 2467 2186 ,
2519 2107 2584 2167 et
2616 2101 2886 2169 domino
2921 2100 3052 2168 Do-

805 2214 980 2274 nato.
1012 2210 1185 2278 Date
1219 2210 1426 2277 Rome
1459 2214 1579 2274 etc.
1630 2206 1889 2296 (1300).

977 2416 1057 2487 (A
1083 2417 1303 2492 „Copia
1327 2418 1399 2476 de
1425 2418 1921 2479 Commemoriali“
1954 2422 1983 2477 1
2001 2382 2301 2480 ketetebel'
2322 2421 2422 2479 τοι.
2447 2420 2538 2479 54.
2563 2439 2616 2480 v.
2643 2419 2706 2479 ets
2731 2419 2842 2492 55.)
