3416 5313
1858 387 1947 455 48

1839 1054 1962 1121 3⁰.

772 1251 816 1313 Ι
823 1249 894 1314 V.
914 1251 1163 1321 ,Miklo's
1182 1255 1377 1353 pdpa(
1400 1275 1441 1316 a
1479 1252 1839 1317 Bosznidba
1868 1254 2095 1318 indulo'
2138 1254 2723 1340 hitinquisitorokat
2755 1255 3022 1322 Milutin

920 1358 1078 1423 Uros
1103 1360 1319 1424 Istvdn
1349 1360 1619 1424 szerbiai
1638 1360 1858 1449 kirdly
1882 1361 2351 1449 pdrtfoydsdba
2383 1367 2661 1452 ajdnlja.
2694 1365 2889 1429 1291.

980 1578 1300 1645 'Nicolaus
1352 1577 1722 1667 Episcopus
1772 1600 2000 1649 seruus
2034 1598 2371 1650 seruorum
2407 1581 2534 1649 Dei
2577 1582 2921 1650 carissimo
2955 1581 3023 1648 in

772 1684 1031 1752 Christo
1064 1685 1196 1753 filio
1232 1687 1299 1753 S.
1336 1687 1500 1772 Regi
1551 1688 1781 1755 Servie
1815 1691 2093 1757 salutem
2145 1695 2212 1755 et
2248 1691 2698 1774 Apostolicam
2749 1677 3023 1757 benedi-

770 1795 1071 1862 ctionem.
1111 1794 1433 1875 Quoniam
1471 1797 1638 1864 inter
1671 1804 1892 1866 cetera
1944 1796 2179 1864 mentis
2213 1805 2439 1866 nostre
2485 1798 2817 1867 desideria
2858 1798 3024 1865 illud

771 1902 1012 1971 insidet
1059 1904 1468 1989 potissimum
1523 1906 1711 1972 cordi
1763 1911 1988 1973 nostro
2009 1956 2028 1991 ,
2079 1913 2146 1972 ut
2182 1906 2351 1976 fides
2404 1908 2788 1991 catholica,
2824 1926 3025 1993 quam

770 2019 970 2097 tenet,
1000 2015 1347 2097 profitetur
1380 2021 1446 2081 et
1478 2015 1677 2082 docet
1711 2014 2154 2082 Sacrosancta
2192 2017 2493 2083 Romana
2520 2017 2849 2102 Ecclesia,
2886 2036 3020 2081 ma·

767 2127 867 2189 ter
896 2123 1349 2191 universorum
1383 2123 1671 2189 fidelium
1710 2129 1775 2189 et
1806 2122 2145 2208 magistra,
2189 2122 2482 2190 votivum
2536 2131 2599 2190 et
2632 2124 2776 2191 Deo
2831 2143 3020 2190 acce·

767 2234 947 2316 ptum
982 2230 1317 2316 suscipiat,
1340 2251 1416 2297 eo
1451 2216 1756 2316 propitio,
1786 2232 2031 2298 nostris
2065 2233 2469 2318 temporibus
2504 2232 3016 2317 incrementum;

768 2335 1006 2427 grandi
1037 2338 1339 2404 nimirum
1361 2340 1763 2405 exultatione
1784 2336 2253 2425 perfundimur,
2286 2361 2429 2406 cum
2451 2342 2542 2407 ad
2561 2348 2850 2406 nostrum
2872 2361 3019 2424 per-

768 2445 992 2512 venire
1025 2447 1347 2531 contingit
1379 2446 1693 2533 auditum,
1718 2447 1889 2532 quod
1912 2448 2136 2515 mundi
2170 2450 2391 2534 Reges
2424 2444 2490 2514 et
2520 2448 2856 2537 Principes
2890 2452 3020 2516 Re-

770 2554 874 2638 gis
908 2554 1133 2638 eterni,
1167 2554 1353 2623 cuius
1405 2557 1744 2639 negotium
1776 2558 2025 2640 geritur
2072 2557 2501 2643 principalius
2537 2557 2602 2623 in
2634 2557 2762 2624 hac
2801 2567 3016 2645 parte,

765 2684 837 2732 se
867 2663 1296 2752 beneplacitis
1324 2672 1716 2752 coaptantes
1738 2666 1826 2734 ad
1858 2668 2304 2751 ampliandum
2340 2671 2585 2735 cultum
2615 2667 2766 2733 fidei
2800 2668 3022 2737 ortho-

765 2770 936 2840 doxe
967 2773 1441 2859 magnitudinis
1471 2793 1587 2841 sue
1621 2777 1796 2843 colla
1827 2774 2191 2858 subiciunt,
2242 2784 2310 2844 et
2348 2776 2858 2845 ascendentibus
2923 2799 3007 2845 ex

763 2881 1046 2949 adverso
1083 2881 1324 2950 virtute
1356 2883 1607 2956 inducti
1641 2904 1723 2951 ex
1755 2886 1887 2951 alto
1909 2893 2226 2972 prompte,
2261 2884 2542 2955 sollicite
2576 2884 2868 2954 studiose
2902 2906 3015 2974 op-

763 2997 1030 3073 ponunt.
1066 2991 1241 3058 Sane
1274 3010 1422 3060 cum
1455 2998 1524 3057 tu
1545 3044 1563 3077 ‚
1597 2992 1690 3058 fili
1722 2991 2063 3060 carissime
2088 3042 2104 3074 ,
2139 2994 2280 3060 zelo
2321 2992 2473 3059 fidei
2508 3011 2588 3058 ac
2638 2993 3014 3062 devotionis

764 3117 1087 3165 accensus
1120 3118 1237 3181 per
1270 3099 1581 3166 dilectum
1611 3100 1817 3167 filium
1850 3099 2171 3168 Marinum
2202 3100 2781 3187 Archiepiscopum
2831 3102 3014 3169 Anti·

762 3208 1131 3287 barensem,
1163 3216 1271 3275 tue
1322 3207 1750 3275 celsitudinis
1781 3207 2096 3274 Nuntium
2119 3256 2136 3291 ,
2188 3208 2608 3293 Apostolatui
2639 3215 2862 3276 nostro
2899 3209 3013 3275 du-

758 3320 933 3385 xeris
966 3317 1291 3383 humiliter
1312 3315 1831 3402 supplicandum,
1854 3316 2030 3400 quod
2052 3335 2198 3381 cum
2219 3316 2286 3381 in
2318 3316 2613 3402 partibus
2646 3320 2869 3386 Bosne
2900 3327 3011 3385 tue

762 3425 995 3494 ditioni
1027 3426 1342 3495 subiectis
1378 3425 1511 3490 sint
1543 3443 1739 3509 quam
1770 3424 2034 3511 plurimi
2065 3424 2362 3492 heretica
2394 3423 2721 3510 pravitate
2752 3425 3002 3512 infecti,

761 3535 867 3617 qui
901 3557 944 3601 a
976 3533 1210 3600 semita
1243 3531 1539 3600 veritatis
1591 3529 1856 3599 adversi
1886 3551 2003 3618 per
2052 3531 2364 3601 falsitatis
2397 3533 2661 3601 devium
2694 3534 3011 3621 dampna·

758 3643 973 3710 biliter
1023 3643 1444 3716 oberrantes,
1491 3642 1560 3706 in
1594 3641 1804 3709 eterni
1855 3640 2055 3724 Regis
2108 3648 2589 3732 contemptum,
2639 3642 3007 3711 animarum

758 3771 1021 3821 suarum
1053 3750 1326 3818 evidens
1351 3731 1735 3837 ⁸periculum
1770 3754 1836 3815 et
1885 3750 2272 3818 scandalum
2297 3802 2315 3835 ‚
2350 3749 2544 3817 fidem
2588 3750 3004 3821 catholicam

759 3860 1130 3945 depravare
1160 3856 1536 3946 pernitiosis
1571 3876 1687 3925 seu
1719 3857 2052 3943 pestiferis
2089 3857 2225 3925 suis
2261 3858 2737 3927 assertionibus
2788 3861 3005 3929 multi-

754 3968 1013 4054 pliciter
1061 3967 1450 4050 moliuntur,
1484 3966 1742 4051 aliquas
1781 3984 2103 4050 personas
2133 3965 2436 4053 ydoneas
2488 3967 2779 4052 regionis
2822 3969 3003 4038 illius

754 4077 1113 4165 ydiomatis
1144 4096 1274 4144 non
1306 4074 1597 4162 ignaraS,
1633 4094 1913 4159 quarum
1952 4076 2366 4144 conversatio
2400 4096 2545 4143 cum
2583 4079 2859 4146 salutari
2894 4101 2999 4148 eo-

755 4208 899 4255 rum
932 4185 1229 4254 doctrina
1248 4184 1673 4267 concordans,
1694 4184 2096 4251 intuentibus
2118 4203 2411 4253 normam
2441 4185 2721 4254 honeste
2740 4188 3007 4255 vivendi

756 4295 1027 4379 tribuat,
1062 4301 1130 4362 et
1166 4294 1535 4379 exemplum
1585 4292 1861 4378 prebeat
1892 4291 2195 4377 puritatis
2215 4343 2235 4377 ,
2269 4293 2528 4360 mittere
2579 4294 3005 4382 dignaremur

755 4405 855 4472 ad'
874 4411 1099 4493 partes
1132 4402 1443 4486 easdem;
1494 4409 1564 4469 ut
1594 4400 1967 4468 huiusmodi
2019 4400 2257 4468 erroris
2310 4400 2655 4470 eliminata
2692 4404 3001 4492 caligine,

756 4514 1116 4583 ministerio
1151 4512 1499 4580 eorundem
1532 4508 1948 4578 habitatores
1989 4508 2247 4576 illarum
2279 4509 2563 4596 partium
2605 4512 2692 4577 ad
2726 4513 3005 4597 agnitio-

752 4644 899 4692 nem
930 4643 1085 4692 vcre
1115 4620 1304 4703 fidei,
1357 4620 1623 4707 superni
1652 4618 1915 4686 luminis
1947 4617 2312 4686 irradiante
2361 4616 2597 4703 gratia,
2641 4621 3000 4690 salubriter

749 4732 1180 4817 reducantur;
1214 4740 1391 4799 tuum
1437 4730 1721 4796 offerens
1755 4727 2093 4797 consilium
2148 4734 2215 4795 et
2246 4729 2561 4797 auxilium
2593 4730 2682 4797 ad
2712 4749 3000 4798 errorem
