3416 5313
1418 339 1543 407 271
1587 432 1622 436 f·

1389 1150 1537 1217 no.

356 1420 557 1484 Moka
572 1420 704 1504 fiai
736 1422 796 1484 63
830 1442 870 1484 a
903 1377 1182 1508 'Viqmcin
1231 1423 1570 1507 nemzetsey
1602 1419 1861 1486 emberei
1912 1422 2156 1506 Tarjcin
2189 1419 2397 1484 birtok
2420 1418 2611 1505 felett

512 1550 589 1591 az
620 1529 981 1616 eszterqami
1008 1526 1320 1615 kdptalan
1351 1528 1494 1594 εῖδει
1526 1526 1962 1615 eyyezkednek.
2006 1528 2448 1592 1290—1301
2460 1577 2475 1593 .

578 1800 715 1865 Nos
751 1797 829 1864 G.
865 1797 1246 1883 Prepositus
1281 1803 1348 1864 et
1382 1796 1754 1884 Capitulum
1785 1797 2085 1864 Ecclesie
2136 1795 2610 1880 Strigoniensis

366 1906 599 1973 damus
631 1925 750 1990 pro
784 1907 1101 1974 memoria
1124 1957 1140 1990 ,
1176 1907 1354 1991 quod
1389 1926 1533 1973 cum
1567 1905 1738 1972 inter
1770 1893 2157 1988 Mahariam,
2191 1903 2614 1973 Marhardum

368 2023 434 2080 et
465 2013 696 2081 Mohor
745 2013 918 2081 filios
949 2014 1143 2081 Moha
1178 2034 1258 2081 ac
1312 2013 1783 2099 generaciones
1835 2032 2057 2081 eorum
2110 2032 2190 2079 ex
2222 2033 2352 2081 vna
2403 2021 2612 2097 parte,

363 2120 709 2188 Nicolaum
742 2122 944 2189 filium
977 2122 1213 2209 Myke,
1263 2119 1617 2188 Martinum
1650 2120 1852 2187 filium
1887 2123 2145 2208 Mycou,
2179 2122 2379 2209 Myke
2412 2120 2614 2186 filium

376 2229 652 2317 Naney,
705 2232 1000 2317 Moysem
1030 2232 1234 2298 filium
1266 2228 1555 2316 Thome,
1608 2230 1953 2298 Nicolaum
1989 2237 2052 2298 et
2101 2230 2418 2300 Jacobum
2450 2231 2618 2297 filios

380 2337 610 2421 Opoch
662 2338 744 2404 de
794 2360 1036 2425 genere
1090 2338 1371 2425 Vigman
1424 2361 1506 2406 ex
1545 2341 1794 2423 altera,
1850 2358 2049 2425 super
2099 2340 2291 2405 terris
2343 2334 2620 2406 Canzeri

371 2444 596 2512 fratris
630 2450 922 2532 ipsorum
944 2502 960 2534 ,
1021 2431 1185 2532 quas
1216 2452 1286 2515 in
1319 2456 1495 2515 terra
1527 2445 1776 2515 Tarian
1808 2455 1941 2515 tam
1977 2468 2059 2513 ex
2102 2448 2468 2517 donacione
2501 2448 2623 2512 Re-

372 2555 503 2637 gia,
542 2573 735 2637 quam
791 2556 977 2625 titulo
1032 2559 1388 2642 empcionis
1441 2557 1863 2642 possederat,
1906 2576 2125 2625 coram
2179 2558 2500 2642 magistro
2551 2556 2625 2621 L.

371 2662 605 2729 Judice
638 2662 833 2730 Curie
867 2664 1113 2732 domini
1146 2666 1368 2751 Regis,
1404 2664 1657 2733 Comite
1691 2667 2092 2752 Zaladiensi,
2121 2674 2353 2733 exorta
2390 2665 2630 2733 fuisset

371 2772 651 2839 materia
683 2768 1063 2859 questionis,
1100 2781 1165 2840 et
1199 2773 1431 2842 eodem
1457 2773 1687 2861 judice
1723 2774 2162 2860 permittente,
2197 2775 2424 2842 taliter
2455 2775 2626 2841 inter

371 2887 598 2969 partes
653 2881 979 2949 extitisset
1032 2882 1452 2950 ordinatum:
1506 2883 1692 2961 Quod
1746 2885 1904 2950 dicti
1952 2882 2071 2968 filij
2123 2882 2323 2949 Moha
2382 2890 2623 2948 terram

373 2989 664 3056 eiusdem
699 2990 771 3056 O.
793 3040 812 3077 ‚
849 3009 1040 3072 quam
1075 3010 1157 3057 ex
1192 2991 1558 3060 donacione
1613 2989 1827 3075 Regia
1879 2990 2293 3073 obtinuerat,
2348 2988 2625 3073 prefatis

371 3097 652 3166 Nicolao
703 3104 768 3166 et
820 3138 905 3148 -—
956 3135 1044 3148 -
1098 3100 1234 3167 suis
1286 3100 1710 3181 reliquissent
1761 3099 2038 3184 pacifice
2108 3096 2624 3183 possidendam3

374 3205 572 3273 aliam
610 3226 764 3274 uero
798 3208 1293 3292 porciunculam
1327 3207 1618 3273 eiusdem
1652 3215 1823 3273 terre
1846 3257 1863 3291 ,
1916 3226 2116 3289 quam
2167 3206 2343 3271 idem
2376 3205 2444 3272 Ο.
2479 3221 2627 3288 pos-

374 3314 640 3380 sederat
684 3314 869 3380 titulo
903 3315 1296 3399 empcioniS,
1348 3314 1577 3383 domos
1608 3350 1695 3361 —-
1729 3350 1816 3363 -
1858 3317 1925 3381 in
1979 3316 2212 3382 eadem
2253 3319 2432 3380 terra
2487 3311 2620 3378 exi-

374 3428 626 3488 stentes
672 3420 958 3505 predicti
1005 3423 1316 3490 Nicolaus
1369 3429 1433 3487 et
1482 3424 1642 3508 socij
1694 3425 1794 3490 sui
1845 3442 1990 3490 cum
2042 3427 2319 3506 quatuor
2386 3419 2628 3486 marcis

373 3531 589 3595 minus
638 3527 889 3595 fertone
953 3530 1021 3595 in
1070 3530 1453 3612 quindenis·
1486 3531 1715 3598 Sancti
1770 3532 2116 3598 Michaelis
2171 3530 2256 3596 ad
2308 3550 2380 3595 se
2448 3526 2622 3593 redi-

373 3654 556 3701 mere
588 3632 907 3702 deberent
931 3655 1152 3703 coram
1186 3638 1375 3704 nobis
1397 3687 1414 3721 ,
1467 3638 1705 3722 partim
1742 3639 1808 3704 in
1843 3639 2140 3722 denarijs
2173 3633 2620 3716 stateralibuS,

375 3743 623 3832 partim
653 3743 722 3810 in
753 3742 1044 3827 denarijs
1078 3747 1475 3815 manutentis
1504 3772 1520 3832 ς
1576 3754 1642 3813 et
1679 3767 1838 3833 pars
1872 3748 1955 3814 de
1988 3750 2116 3814 ista
2148 3743 2630 3830 composicione

381 3850 688 3919 resiliens
724 3851 791 3915 in
827 3851 1030 3935 duplo
1064 3853 1239 3920 dicte
1278 3854 1561 3939 pecunie
1601 3863 1991 3939 remaneret,
2040 3861 2235 3938 prout
2280 3853 2346 3917 in
2394 3853 2630 3918 litteris

393 3958 635 4043 prefati
675 3958 917 4044 judicis
951 3959 1247 4028 vidimus
1296 3960 1655 4049 contineri;
1704 3963 2003 4050 partibus
2060 3964 2125 4025 in
2171 3958 2468 4044 predicto
2507 3966 2631 4026 ter-

400 4067 577 4133 mino
629 4087 848 4135 coram
898 4069 1089 4135 nobis
1139 4072 1547 4155 constitutiS,
1615 4071 1935 4156 sepedicti
1992 4070 2307 4136 Nicolaus
2357 4073 2422 4132 et
2469 4067 2630 4152 socij

401 4177 502 4241 sui
551 4176 772 4261 parati
820 4181 1009 4244 erant
1053 4178 1402 4263 pecuniam
1457 4179 1717 4246 soluere
1764 4182 2229 4260 memoratam,
2280 4196 2476 4260 quam
2522 4194 2635 4239 no-

391 4285 495 4350 bis
544 4289 1126 4372 presentaucrunt,
1176 4293 1242 4351 et
1288 4286 1579 4356 adversa
1622 4306 1777 4374 pars
1824 4306 1898 4355 se
1947 4287 2045 4353 eis
2094 4285 2181 4352 ad
2228 4281 2634 4353 satisfaccio-

398 4412 548 4458 nem
595 4390 950 4477 offerebat5
1000 4395 1121 4461 sed
1169 4394 1403 4464 Petrus
1450 4394 1622 4462 filius
1668 4396 1906 4482 Tynan
1948 4416 2067 4482 pro
2102 4415 2192 4481 se,
2243 4402 2307 4460 et
2343 4392 2635 4459 Abraam

407 4504 704 4570 Ecclesie
748 4508 971 4570 nostre
1018 4502 1494 4588 prebendarius
1558 4525 1680 4590 pro
1729 4504 2018 4590 Egregio
2085 4504 2288 4570 fratre
2338 4500 2635 4568 eiusdem

350 4639 356 4645 ·‘
400 4613 577 4680 Petri
626 4632 841 4682 coram
876 4613 1065 4681 nobis
1114 4614 1469 4698 constituti,
1505 4615 1868 4699 predictum
1905 4618 2311 4679 contractum
2344 4608 2635 4677 inhibue-
