3416 5313
1755 528 1793 535 ὴ
1846 439 1974 505 266

782 642 1089 720 mentum,
1125 633 1300 702 omni
1330 632 1559 704 fraude
1592 640 1658 700 et
1710 635 1865 704 dolo
1899 637 2195 704 remotis.
2249 638 2561 706 Omnibus
2593 658 2748 707 vero
2807 638 2943 725 hijs
2979 648 3043 709 et

776 744 1057 831 singulis
1085 743 1481 829 supradietis
1513 744 1914 811 venerabilis
1947 753 2156 830 pater
2192 745 2492 814 dominus
2533 747 2924 816 Mioislauus
2948 746 3038 834 (⁴2)

778 854 906 921 Dei
937 853 1164 938 gracia
1197 852 1561 940 Episcopus
1595 851 2056 921 Corbauiensis
2075 901 2093 935 ,
2145 852 2445 922 dominus
2482 853 2806 924 Vuleetta
2839 856 3032 925 Pote-

778 971 918 1033 stas
949 963 1278 1031 Nonensis
1301 1014 1315 1040 ,
1366 961 1613 1031 domini
1644 962 1967 1048 Georgius
1991 1015 2010 1048 ,
2044 965 2312 1031 Marcus
2348 984 2427 1031 ao
2462 964 2821 1049 Gregorius
2856 964 3041 1031 nobi-

777 1073 875 1140 les
911 1072 995 1138 de
1025 1073 1291 1155 Berber,
1327 1069 1675 1138 Obraddus
1700 1073 2125 1140 castellanus
2158 1073 2242 1140 de
2261 1072 2607 1155 Pooitessi,
2629 1080 2696 1139 et
2717 1072 3037 1144 Radosla·

781 1202 896 1249 uus
929 1181 1420 1248 Protonotarius
1473 1182 1956 1265 sepenominati
2010 1181 2257 1248 domini
2307 1179 2497 1248 Pauli
2538 1181 2745 1266 Rani,
2801 1189 2865 1248 et
2916 1182 3036 1266 alij

775 1309 971 1375 quam
1004 1291 1226 1374 plures
1261 1289 1482 1357 uocati
1518 1294 1582 1354 et
1615 1294 1827 1375 rogati
1894 1296 2098 1357 testes
2136 1291 2414 1358 fuerunt.
2449 1290 2526 1355 In
2580 1291 2764 1357 ouius
2814 1289 2910 1357 rei
2943 1298 3038 1359 te-

780 1395 1155 1466 stimonium
1190 1417 1267 1466 ae
1301 1402 1683 1485 perpetuam
1719 1399 1975 1465 roboris
2009 1396 2382 1467 firmitatem
2410 1452 2426 1484 ,
2465 1398 2749 1483 sepefati
2783 1398 3036 1467 domini

776 1506 1019 1573 Paulus
1054 1508 1297 1591 Banus‚
1334 1506 1661 1592 Georgius
1694 1513 1759 1572 et
1790 1504 2141 1574 Mladenus
2180 1505 2420 1572 fratres
2452 1505 2596 1573 eius
2619 1559 2636 1591 ,
2673 1524 2753 1571 ae
2784 1506 3038 1574 Mlade·

779 1635 902 1683 nus
956 1617 1284 1701 prenotati
1338 1615 1582 1681 domini
1613 1616 1804 1682 Pauli
1853 1615 2026 1682 Bani
2068 1614 2242 1683 filius
2270 1665 2286 1693 ,
2337 1618 2834 1681 instrumentum
2889 1634 3038 1701 pre-

780 1742 932 1792 sens
963 1725 1260 1793 fecerunt
1312 1725 1543 1809 sigillis
1578 1742 1803 1791 eorum
1838 1724 2284 1809 pendentibus
2325 1722 2678 1790 munimine
2709 1723 3037 1793 roborari.

995 1834 1135 1920 Ego
1168 1833 1525 1920 Oanapane
1558 1832 1639 1898 de
1674 1831 1910 1920 Anehy
1943 1834 2314 1901 canonieus
2364 1831 2839 1918 Traguriensis
2862 1882 2879 1915 ‚
2917 1853 3040 1899 au·

783 1939 1085 2006 ctoritate
1115 1940 1441 2025 Imperiali
1473 1939 1806 2023 Notarius,
1841 1941 2110 2008 interfui
2147 1947 2211 2007 et
2243 1950 2523 2026 rogatus
2547 1940 2784 2023 scripsi
2816 1945 2883 2008 et
2916 1962 3036 2027 pu-

781 2048 1046 2127 blicani,
1077 2066 1286 2113 meum
1323 2048 1585 2115 solitum
1617 2046 1874 2134 signum
1913 2068 2255 2134 apponens

998 2152 1241 2244 (Jegye
1270 2155 1778 2235 keresztsorma,
1838 2155 2181 2224 kulonfele
2222 2152 2821 2241 ozifrasagokkal.)

808 2353 862 2407 A
889 2353 1065 2409 csdsz.
1098 2354 1277 2409 titkos
1303 2351 1548 2409 leveltdr
1574 2350 1977 2421 eredetejero'l.
2023 2352 2185 2407 Mind
2212 2370 2248 2408 a
2273 2351 2475 2409 hdrom
2506 2349 2705 2424 penset
2734 2348 3039 2424 epsegben

1573 2460 1708 2499 van.
1744 2444 1986 2499 Hatvoem'
2010 2439 2251 2512 Mihdly.)
