3416 5313
1890 401 2016 468 128
2039 500 2108 507 „-

1897 1065 2014 1130 80.

838 1269 1040 1335 Jcinoo
1087 1265 1348 1351 zdyrcibi
1384 1263 1629 1350 paepo'k
1679 1265 1741 1327 6⁸
1792 1284 1867 1326 az
1916 1261 2119 1326 ottani
2163 1259 2478 1345 kdptalan
2528 1258 3073 1348 bizonysdqlevele,

839 1376 998 1461 hoyy
1019 1372 1270 1459 Za'qrdb
1302 1375 1490 1437 miros
1522 1373 1584 1435 e's
1613 1369 2045 1434 amedwevdri
2078 1371 2365 1454 vcirnayy
2397 1367 2956 1457 eqyenetlenseqeik
2993 1379 3076 1433 te-

1461 1478 1802 1544 kintete'ben
1848 1476 2222 1543 kihe'kultek.
2262 1477 2450 1543 1295.

1056 1680 1192 1745 Nos
1224 1676 1563 1747 Jobannes
1612 1677 2044 1744 miseracione
2089 1673 2333 1741 Divina
2364 1674 2728 1758 Episcopus
2770 1672 3080 1758 Zagrabi-

847 1785 1022 1855 ensis
1057 1793 1121 1854 et
1154 1786 1522 1872 Capitulum
1558 1786 1683 1853 loci
1730 1784 2022 1861 eiusdem
2058 1782 2511 1868 significamus
2544 1783 2781 1865 quibus
2815 1784 3081 1869 expedit

845 1894 1164 1962 uniuersis
1198 1894 1506 1961 memorie
1539 1891 2069 1961 commendantes
2103 1917 2118 1956 :
2173 1891 2344 1971 quod
2397 1891 2633 1958 Comes
2685 1891 2922 1958 Nicola
2955 1892 3078 1958 Ca-

845 2004 1164 2071 stellanus
1196 2001 1434 2068 domini
1485 2001 1684 2083 Regis
1717 1999 1801 2064 de
1833 1999 2105 2083 Medwe,
2141 2005 2206 2063 et
2237 1998 2514 2066 Janinus
2549 1999 2753 2066 frater
2791 1998 3079 2067 eiusdem

846 2114 932 2180 ab
966 2131 1098 2179 una
1128 2119 1355 2198 parte3
1388 2114 1450 2176 et
1471 2108 1771 2175 Andreas
1793 2108 2000 2175 Maior
2035 2108 2189 2172 uille
2231 2127 2309 2175 ac
2344 2106 2809 2189 Uniuersitatis
2844 2107 3082 2173 ciuium

850 2222 1276 2290 Grecensium
1311 2239 1393 2284 ex
1425 2219 1672 2296 altera,
1727 2219 1795 2283 in
1851 2215 2055 2282 nostri
2092 2214 2438 2302 presencia
2475 2216 2903 2300 personaliter
2932 2236 3082 2281 con-

851 2330 1057 2398 stituti
1078 2379 1092 2405 ‚
1144 2327 1443 2396 omnibus
1495 2324 1755 2407 litibus,
1799 2323 2310 2390 aduersitatibus
2363 2331 2430 2388 et
2465 2322 2836 2408 inimicicijs
2887 2343 3086 2410 super

853 2437 1130 2504 diuersis
1162 2434 1419 2502 damnis
1455 2439 1520 2502 et
1549 2451 1974 2518 personarum
2014 2430 2575 2517 captiuacionibus
2609 2451 2723 2500 seu
2758 2432 3085 2499 detencio-

853 2547 1044 2614 nibus
1077 2544 1411 2612 hincinde
1445 2543 1775 2627 irrogatis,
1827 2541 1997 2608 inter
2035 2560 2145 2608 eos
2190 2543 2456 2609 racione
2505 2540 2854 2609 occisionis
2907 2543 3084 2608 Petri

850 2654 966 2722 filii
987 2652 1203 2720 Wenk
1236 2650 1542 2732 subortis,
1575 2648 1727 2735 paci
1754 2647 2188 2737 consulentes,
2212 2650 2397 2716 iuxta
2423 2650 2802 2718 mandatum
2837 2648 3084 2716 domini

854 2761 1054 2847 Regis
1086 2762 1347 2846 penitus
1380 2757 1850 2825 renunciaruut
1882 2782 1898 2823 ε
1932 2757 2031 2823 ita
2052 2807 2071 2843 ‚
2126 2757 2297 2840 quod
2331 2758 2669 2843 predictus
2703 2759 2937 2829 Comes
2971 2749 3080 2826 Ni·

856 2872 1003 2937 cola
1035 2876 1102 2936 et
1150 2868 1431 2940 Janiuus
1481 2866 1688 2932 frater
1743 2866 1926 2950 ejus,
1978 2885 2059 2932 ac
2090 2866 2362 2947 quilibet
2408 2868 2471 2933 in
2525 2886 2745 2934 eorum
2797 2865 3083 2933 dominio

857 2979 1212 3062 constituti,
1245 2982 1359 3043 aut
1391 2976 1477 3042 ad
1512 2976 1690 3060 ipsos
1718 2974 2147 3062 pertinentes,
2181 2981 2483 3059 pretextu
2502 2975 3080 3059 damnificacionis,

857 3086 1286 3165 aduersitatis
1317 3086 1424 3154 uel
1457 3085 1871 3152 detenciouis
1905 3087 2336 3170 personarum
2357 3085 2591 3151 amodo
2625 3086 2810 3151 nulla
2842 3085 3085 3152 damna

857 3218 975 3266 seu
1006 3200 1397 3263 nocumenta
1452 3194 1557 3260 uel
1589 3194 1866 3261 iniurias
1919 3193 2177 3276 aliquas
2200 3243 2216 3276 ,
2271 3193 2607 3279 presertim
2657 3194 2866 3260 donec
2913 3193 3084 3261 idem

859 3309 1092 3376 Comes
1124 3305 1358 3371 Nicola
1389 3309 1454 3368 et
1486 3303 1695 3369 frater
1729 3302 1868 3369 eius
1923 3302 2291 3369 custodiam
2323 3304 2854 3371 conservacionis
2889 3304 3087 3371 castri

857 3414 1113 3482 Medwe
1143 3414 1513 3494 habebunt,
1566 3411 1997 3479 mencionatis
2031 3411 2287 3478 ciuibus
2320 3418 2386 3476 et
2417 3411 2504 3478 ad
2539 3430 2652 3479 eos
2692 3411 3088 3495 quibuslibet

860 3521 1333 3611 pertinentibus
1352 3520 1634 3587 inferent
1652 3527 1764 3585 aut
1786 3518 2008 3587 inferri
2030 3520 2280 3588 faciant
2301 3520 2652 3587 manifeste
2684 3522 2788 3587 uel
2817 3523 3084 3589 occulte.

860 3634 943 3699 Et
973 3650 1168 3718 super
1204 3631 1322 3697 hoc
1355 3627 1647 3695 cauendo
1698 3634 1764 3694 et
1795 3627 2214 3696 obseruando
2247 3628 2712 3697 iuviolabiliter
2762 3627 2922 3697 dicti
2962 3629 3080 3695 Co-

862 3759 1000 3808 mes
1031 3739 1266 3806 Nicola
1297 3747 1358 3806 et
1390 3739 1592 3805 frater
1624 3734 1766 3805 eius
1799 3738 1995 3804 tactis
2029 3738 2484 3806 Sacrosanctis
2532 3736 2824 3823 reliquiis
2854 3738 3086 3825 presti-

862 3855 1078 3916 terunt
1127 3849 1580 3914 iuramentum.
1625 3850 1711 3913 Et
1742 3864 1778 3910 e
1831 3866 2147 3932 conuerso
2196 3846 2531 3932 predictus
2571 3846 2782 3913 Maior
2830 3848 2989 3915 uille
3021 3854 3084 3911 et

863 3955 1276 4024 Uniuersitas
1309 3954 1552 4022 ciuium
1574 3953 2021 4037 promiserunt
2052 3960 2117 4019 et
2150 3963 2662 4041 assumpserunt,
2699 3955 2873 4039 quod
2905 3955 3083 4023 nulla

864 4064 1155 4153 dampna
1185 4070 1251 4130 et
1301 4064 1577 4130 iniurias
1612 4063 1866 4148 eisdem
1914 4061 2149 4130 comiti
2178 4061 2417 4130 Nicola
2464 4071 2530 4130 et
2561 4062 2751 4133 fratri
2803 4066 2943 4132 eius
2976 4066 3082 4136 αα..
3111 4047 3129 4068 “

865 4175 1019 4241 nino
1051 4177 1168 4239 aut
1197 4170 1613 4259 quibuspiam
1645 4172 1737 4239 ad
1768 4188 1879 4238 eos
1915 4171 2368 4258 spectantibus
2417 4172 2699 4240 inferent
2728 4175 2834 4240 uel
2864 4172 3084 4248 inferri

864 4283 1113 4353 facient
1140 4300 1257 4369 per
1289 4301 1361 4349 se
1393 4281 1505 4348 aut
1536 4280 1862 4364 quoslibet
1894 4280 1981 4346 ad
2013 4299 2126 4346 eos
2160 4281 2460 4348 similiter
2492 4282 2919 4368 pertinentes.
2970 4282 3082 4347 Su·

864 4412 982 4478 per
1014 4389 1250 4475 quibus
1282 4388 1578 4456 similiter
1629 4386 2058 4477 observandis
2093 4395 2158 4454 et
2189 4391 2610 4458 attendendis
2642 4389 2843 4479 ijdem
2883 4391 3084 4459 Maior

865 4501 1023 4569 uille
1074 4506 1141 4566 et
1189 4498 1370 4566 ciues
1423 4496 1844 4582 prestiterunt
1897 4498 2321 4564 iuramentum
2391 4500 2586 4568 tactis
2642 4501 3083 4567 Sacrosanctis

865 4607 1246 4694 Euangeliis
1268 4657 1287 4692 ‚
1338 4613 1614 4692 excepto
1648 4626 1766 4673 seu
1797 4608 2077 4675 deducto
2115 4607 2289 4676 facto
2323 4608 2669 4676 occisionis
2700 4607 2814 4694 filij
2852 4609 3082 4689 Wenk,

864 4719 1033 4802 quod
1069 4714 1441 4783 execucioni
1474 4715 1762 4783 eiusdem
1797 4716 2008 4784 Wenk
2041 4724 2141 4783 est
2173 4718 2488 4783 relictum.
2534 4718 2844 4785 Preterea
2883 4720 2939 4804 si
2971 4719 3083 4784 ali·
